%% This BibTeX bibliography file was created using BibDesk.
%% http://bibdesk.sourceforge.net/


%% Created for Todd Mortimer at 2011-04-02 09:36:01 -0600 


%% Saved with string encoding Unicode (UTF-8) 



@misc{bigworldtech,
	Author = {{BigWorld Pty Limited}},
	Date-Added = {2011-04-02 09:36:00 -0600},
	Date-Modified = {2011-04-02 09:36:00 -0600},
	Howpublished = {http://www.bigworldtech.com/technology/server.php},
	Title = {{BigWorld Server}},
	Year = {2010}}

@misc{massiv,
	Author = {Stepan Vondrak, Petr Tovarys, Marek Vondrak},
	Date-Added = {2011-04-02 09:36:00 -0600},
	Date-Modified = {2011-04-02 09:36:00 -0600},
	Howpublished = {http://massiv.ow2.org/},
	Title = {{About the Massiv}}}

@misc{ford,
	Author = {{Ford Motor Company}},
	Date-Added = {2011-04-02 09:25:30 -0600},
	Date-Modified = {2011-04-02 09:25:30 -0600},
	Howpublished = {http://corporate.ford.com/news-center/news/press-releases/press-releases-detail/pr-cars-talking-to-traffic-lights-and-34198},
	Month = {Mar},
	Title = {Cars Talking to Traffic Lights and to Each Other},
	Year = {2011}}

@misc{icemanual,
	Author = {{ZeroC Inc.}},
	Date-Added = {2011-04-02 09:25:30 -0600},
	Date-Modified = {2011-04-02 09:25:30 -0600},
	Howpublished = {{http://www.zeroc.com/Ice-Manual.pdf}},
	Month = {Sept},
	Title = {Distributed Programming with Ice},
	Year = {2010}}

@misc{nsnotification,
	Author = {{Apple Inc.}},
	Date-Added = {2011-04-02 09:25:30 -0600},
	Date-Modified = {2011-04-02 09:25:30 -0600},
	Howpublished = {{http://developer.apple.com/library/mac}},
	Title = {{Notification Programming Topics}}}

@article{Pietzuch:2002p8377,
	Author = {P.R Pietzuch and J.M Bacon},
	Date-Added = {2011-03-26 17:43:09 -0600},
	Date-Modified = {2011-03-26 17:43:56 -0600},
	Local-Url = {file://localhost/Users/todd/Documents/Papers/Pietzuch/2002%20Pietzuch.pdf},
	Pmid = {7939045299292837250related:gpUVCKMnLW4J},
	Rating = {0},
	Read = {Yes},
	Title = {Hermes: A distributed event-based middleware architecture},
	Uri = {papers://EAC8E86E-3BE2-40BF-8DAA-DFE7C5F0E440/Paper/p8377},
	Year = {2002},
	Bdsk-File-1 = {YnBsaXN0MDDUAQIDBAUIJidUJHRvcFgkb2JqZWN0c1gkdmVyc2lvblkkYXJjaGl2ZXLRBgdUcm9vdIABqAkKFRYXGyIjVSRudWxs0wsMDQ4RFFpOUy5vYmplY3RzV05TLmtleXNWJGNsYXNzog8QgASABqISE4ACgAOAB1lhbGlhc0RhdGFccmVsYXRpdmVQYXRo0hgNGRpXTlMuZGF0YU8RAZIAAAAAAZIAAgAABGJvb3QAAAAAAAAAAAAAAAAAAAAAAAAAAAAAAMlmI41IKwAAACPLrBEyMDAyIFBpZXR6dWNoLnBkZgAAAAAAAAAAAAAAAAAAAAAAAAAAAAAAAAAAAAAAAAAAAAAAAAAAAAAAAAAAAAAAI8uYybPV3QAAAAAAAAAAAAQAAwAACSAAAAAAAAAAAAAAAAAAAAAIUGlldHp1Y2gAEAAIAADJZoX9AAAAEQAIAADJtCo9AAAAAQAUACPLrAALF5YACqLpAAqejwAAAGMAAgA7Ym9vdDpVc2Vyczp0b2RkOkRvY3VtZW50czpQYXBlcnM6UGlldHp1Y2g6MjAwMiBQaWV0enVjaC5wZGYAAA4AJAARADIAMAAwADIAIABQAGkAZQB0AHoAdQBjAGgALgBwAGQAZgAPAAoABABiAG8AbwB0ABIANlVzZXJzL3RvZGQvRG9jdW1lbnRzL1BhcGVycy9QaWV0enVjaC8yMDAyIFBpZXR6dWNoLnBkZgATAAEvAAAVAAIAC///AACABdIcHR4fWCRjbGFzc2VzWiRjbGFzc25hbWWjHyAhXU5TTXV0YWJsZURhdGFWTlNEYXRhWE5TT2JqZWN0XxAtLi4vLi4vLi4vLi4vUGFwZXJzL1BpZXR6dWNoLzIwMDIgUGlldHp1Y2gucGRm0hwdJCWiJSFcTlNEaWN0aW9uYXJ5EgABhqBfEA9OU0tleWVkQXJjaGl2ZXIACAARABYAHwAoADIANQA6ADwARQBLAFIAXQBlAGwAbwBxAHMAdgB4AHoAfACGAJMAmACgAjYCOAI9AkYCUQJVAmMCagJzAqMCqAKrArgCvQAAAAAAAAIBAAAAAAAAACgAAAAAAAAAAAAAAAAAAALP}}

@article{Bacon:2000p6818,
	Abstract = {In the late 1980s, software designers introduced middleware platforms to support distributed computing systems. Since then, the rapid evolution of technology has caused an explosion of distributed-processing requirements. Application developers now routinely expect to support multimedia systems and mobile users and computers. Timely response to asynchronous events is crucial to such applications, but current platforms do not adequately meet this need. Another need of existing and emerging applications is the secure interoperability of independent services in large-scale, widely distributed systems. Information systems serving organizations such as universities, hospitals, and government agencies require cross-domain interaction. To meet the needs of these applications, Cambridge University researchers developed middleware extensions that provide a flexible, scalable approach to distributed-application development. This article details the extensions they developed, explaining their distributed software approach and the support it has provided for emerging applications},
	Author = {Bacon and J Moody and K Bates and J Chaoying Ma McNeil and A Seidel and O Spiteri and M},
	Date-Added = {2011-03-01 13:45:38 -0700},
	Date-Modified = {2011-03-01 13:46:31 -0700},
	Doi = {10.1109/2.825698},
	Journal = {Computer},
	Local-Url = {file://localhost/Users/todd/Documents/Papers/Bacon/Computer%202000%20Bacon.pdf},
	Number = {3},
	Pages = {68 -- 76},
	Pmid = {825698},
	Rating = {0},
	Read = {Yes},
	Title = {Generic support for distributed applications},
	Uri = {papers://EAC8E86E-3BE2-40BF-8DAA-DFE7C5F0E440/Paper/p6818},
	Url = {http://ieeexplore.ieee.org/search/srchabstract.jsp?tp=&arnumber=825698&queryText%253D%2528%2528Generic+support+for+distributed+applications%2529+AND+%2528bacon%2529%2529%2526openedRefinements%253D*%2526sortType%253Ddesc_Publication+Year%2526matchBoolean%253Dtrue%2526rowsPerPage%253D50%2526searchField%253DSearch+All},
	Volume = {33},
	Year = {2000},
	Bdsk-File-1 = {YnBsaXN0MDDUAQIDBAUIJidUJHRvcFgkb2JqZWN0c1gkdmVyc2lvblkkYXJjaGl2ZXLRBgdUcm9vdIABqAkKFRYXGyIjVSRudWxs0wsMDQ4RFFpOUy5vYmplY3RzV05TLmtleXNWJGNsYXNzog8QgASABqISE4ACgAOAB1lhbGlhc0RhdGFccmVsYXRpdmVQYXRo0hgNGRpXTlMuZGF0YU8RAaIAAAAAAaIAAgAABGJvb3QAAAAAAAAAAAAAAAAAAAAAAAAAAAAAAMlmI41IKwAAAB6hVRdDb21wdXRlciAyMDAwIEJhY29uLnBkZgAAAAAAAAAAAAAAAAAAAAAAAAAAAAAAAAAAAAAAAAAAAAAAAAAAAAAAH5i8yZKpAgAAAAAAAAAAAAQAAwAACSAAAAAAAAAAAAAAAAAAAAAFQmFjb24AABAACAAAyWaF/QAAABEACAAAyZMLcgAAAAEAFAAeoVUACxeWAAqi6QAKno8AAABjAAIAPmJvb3Q6VXNlcnM6dG9kZDpEb2N1bWVudHM6UGFwZXJzOkJhY29uOkNvbXB1dGVyIDIwMDAgQmFjb24ucGRmAA4AMAAXAEMAbwBtAHAAdQB0AGUAcgAgADIAMAAwADAAIABCAGEAYwBvAG4ALgBwAGQAZgAPAAoABABiAG8AbwB0ABIAOVVzZXJzL3RvZGQvRG9jdW1lbnRzL1BhcGVycy9CYWNvbi9Db21wdXRlciAyMDAwIEJhY29uLnBkZgAAEwABLwAAFQACAAv//wAAgAXSHB0eH1gkY2xhc3Nlc1okY2xhc3NuYW1lox8gIV1OU011dGFibGVEYXRhVk5TRGF0YVhOU09iamVjdF8QMC4uLy4uLy4uLy4uL1BhcGVycy9CYWNvbi9Db21wdXRlciAyMDAwIEJhY29uLnBkZtIcHSQloiUhXE5TRGljdGlvbmFyeRIAAYagXxAPTlNLZXllZEFyY2hpdmVyAAgAEQAWAB8AKAAyADUAOgA8AEUASwBSAF0AZQBsAG8AcQBzAHYAeAB6AHwAhgCTAJgAoAJGAkgCTQJWAmECZQJzAnoCgwK2ArsCvgLLAtAAAAAAAAACAQAAAAAAAAAoAAAAAAAAAAAAAAAAAAAC4g==},
	Bdsk-Url-1 = {http://ieeexplore.ieee.org/search/srchabstract.jsp?tp=&arnumber=825698&queryText%253D%2528%2528Generic+support+for+distributed+applications%2529+AND+%2528bacon%2529%2529%2526openedRefinements%253D*%2526sortType%253Ddesc_Publication+Year%2526matchBoolean%253Dtrue%2526rowsPerPage%253D50%2526searchField%253DSearch+All},
	Bdsk-Url-2 = {http://dx.doi.org/10.1109/2.825698}}

@article{Siegel:1999p8569,
	Abstract = {... the tech- nology. ---Bertrand Meyer CORBA  3 , the first major addi- tion to CORBA from the OMG since the Internet Inter-ORB Protocol (IIOP) added interop- erability in 1996, will be re- leased very soon. In all, OMG specifications ...},
	Author = {J Siegel},
	Date-Added = {2011-03-28 16:00:31 -0600},
	Date-Modified = {2011-03-28 16:00:31 -0600},
	Journal = {Computer},
	Local-Url = {file://localhost/Users/todd/Documents/Papers/Siegel/Computer%201999%20Siegel.pdf},
	Month = {Jan},
	Pmid = {16786918584593690963related:UzEcBIMd9-gJ},
	Rating = {0},
	Read = {Yes},
	Title = {A preview of CORBA 3},
	Uri = {papers://EAC8E86E-3BE2-40BF-8DAA-DFE7C5F0E440/Paper/p8569},
	Url = {http://ieeexplore.ieee.org/xpls/abs_all.jsp?arnumber=762811},
	Year = {1999},
	Bdsk-File-1 = {YnBsaXN0MDDUAQIDBAUIJidUJHRvcFgkb2JqZWN0c1gkdmVyc2lvblkkYXJjaGl2ZXLRBgdUcm9vdIABqAkKFRYXGyIjVSRudWxs0wsMDQ4RFFpOUy5vYmplY3RzV05TLmtleXNWJGNsYXNzog8QgASABqISE4ACgAOAB1lhbGlhc0RhdGFccmVsYXRpdmVQYXRo0hgNGRpXTlMuZGF0YU8RAagAAAAAAagAAgAABGJvb3QAAAAAAAAAAAAAAAAAAAAAAAAAAAAAAMlmI41IKwAAACQaKxhDb21wdXRlciAxOTk5IFNpZWdlbC5wZGYAAAAAAAAAAAAAAAAAAAAAAAAAAAAAAAAAAAAAAAAAAAAAAAAAAAAAJBosybZhHwAAAAAAAAAAAAQAAwAACSAAAAAAAAAAAAAAAAAAAAAGU2llZ2VsABAACAAAyWaF/QAAABEACAAAyba1fwAAAAEAFAAkGisACxeWAAqi6QAKno8AAABjAAIAQGJvb3Q6VXNlcnM6dG9kZDpEb2N1bWVudHM6UGFwZXJzOlNpZWdlbDpDb21wdXRlciAxOTk5IFNpZWdlbC5wZGYADgAyABgAQwBvAG0AcAB1AHQAZQByACAAMQA5ADkAOQAgAFMAaQBlAGcAZQBsAC4AcABkAGYADwAKAAQAYgBvAG8AdAASADtVc2Vycy90b2RkL0RvY3VtZW50cy9QYXBlcnMvU2llZ2VsL0NvbXB1dGVyIDE5OTkgU2llZ2VsLnBkZgAAEwABLwAAFQACAAv//wAAgAXSHB0eH1gkY2xhc3Nlc1okY2xhc3NuYW1lox8gIV1OU011dGFibGVEYXRhVk5TRGF0YVhOU09iamVjdF8QMi4uLy4uLy4uLy4uL1BhcGVycy9TaWVnZWwvQ29tcHV0ZXIgMTk5OSBTaWVnZWwucGRm0hwdJCWiJSFcTlNEaWN0aW9uYXJ5EgABhqBfEA9OU0tleWVkQXJjaGl2ZXIACAARABYAHwAoADIANQA6ADwARQBLAFIAXQBlAGwAbwBxAHMAdgB4AHoAfACGAJMAmACgAkwCTgJTAlwCZwJrAnkCgAKJAr4CwwLGAtMC2AAAAAAAAAIBAAAAAAAAACgAAAAAAAAAAAAAAAAAAALq},
	Bdsk-Url-1 = {http://ieeexplore.ieee.org/xpls/abs_all.jsp?arnumber=762811}}

@article{Pietzuch:2003p8379,
	Author = {P.R Pietzuch and J Bacon},
	Date-Added = {2011-03-26 17:43:09 -0600},
	Date-Modified = {2011-03-26 17:45:27 -0600},
	Journal = {Proceedings of the 2nd international workshop on Distributed event-based systems},
	Local-Url = {file://localhost/Users/todd/Documents/Papers/Pietzuch/Proceedings%20of%20the%202nd%20international%20workshop%20on%20Distributed%20event-based%20systems%202003%20Pietzuch.pdf},
	Pages = {1--8},
	Pmid = {1983085810463102032related:UFTFqwlWhRsJ},
	Rating = {0},
	Read = {Yes},
	Title = {Peer-to-peer overlay broker networks in an event-based middleware},
	Uri = {papers://EAC8E86E-3BE2-40BF-8DAA-DFE7C5F0E440/Paper/p8379},
	Year = {2003},
	Bdsk-File-1 = {YnBsaXN0MDDUAQIDBAUIJidUJHRvcFgkb2JqZWN0c1gkdmVyc2lvblkkYXJjaGl2ZXLRBgdUcm9vdIABqAkKFRYXGyIjVSRudWxs0wsMDQ4RFFpOUy5vYmplY3RzV05TLmtleXNWJGNsYXNzog8QgASABqISE4ACgAOAB1lhbGlhc0RhdGFccmVsYXRpdmVQYXRo0hgNGRpXTlMuZGF0YU8RApQAAAAAApQAAgAABGJvb3QAAAAAAAAAAAAAAAAAAAAAAAAAAAAAAMlmI41IKwAAACPLrB9Qcm9jZWVkaW5ncyBvZiB0aGUgMiMyM0NCOUIucGRmAAAAAAAAAAAAAAAAAAAAAAAAAAAAAAAAAAAAAAAAAAAAI8ubybPV3QAAAAAAAAAAAAQAAwAACSAAAAAAAAAAAAAAAAAAAAAIUGlldHp1Y2gAEAAIAADJZoX9AAAAEQAIAADJtCo9AAAAAQAUACPLrAALF5YACqLpAAqejwAAAGMAAgBJYm9vdDpVc2Vyczp0b2RkOkRvY3VtZW50czpQYXBlcnM6UGlldHp1Y2g6UHJvY2VlZGluZ3Mgb2YgdGhlIDIjMjNDQjlCLnBkZgAADgDGAGIAUAByAG8AYwBlAGUAZABpAG4AZwBzACAAbwBmACAAdABoAGUAIAAyAG4AZAAgAGkAbgB0AGUAcgBuAGEAdABpAG8AbgBhAGwAIAB3AG8AcgBrAHMAaABvAHAAIABvAG4AIABEAGkAcwB0AHIAaQBiAHUAdABlAGQAIABlAHYAZQBuAHQALQBiAGEAcwBlAGQAIABzAHkAcwB0AGUAbQBzACAAMgAwADAAMwAgAFAAaQBlAHQAegB1AGMAaAAuAHAAZABmAA8ACgAEAGIAbwBvAHQAEgCHVXNlcnMvdG9kZC9Eb2N1bWVudHMvUGFwZXJzL1BpZXR6dWNoL1Byb2NlZWRpbmdzIG9mIHRoZSAybmQgaW50ZXJuYXRpb25hbCB3b3Jrc2hvcCBvbiBEaXN0cmlidXRlZCBldmVudC1iYXNlZCBzeXN0ZW1zIDIwMDMgUGlldHp1Y2gucGRmAAATAAEvAAAVAAIAC///AACABdIcHR4fWCRjbGFzc2VzWiRjbGFzc25hbWWjHyAhXU5TTXV0YWJsZURhdGFWTlNEYXRhWE5TT2JqZWN0XxB+Li4vLi4vLi4vLi4vUGFwZXJzL1BpZXR6dWNoL1Byb2NlZWRpbmdzIG9mIHRoZSAybmQgaW50ZXJuYXRpb25hbCB3b3Jrc2hvcCBvbiBEaXN0cmlidXRlZCBldmVudC1iYXNlZCBzeXN0ZW1zIDIwMDMgUGlldHp1Y2gucGRm0hwdJCWiJSFcTlNEaWN0aW9uYXJ5EgABhqBfEA9OU0tleWVkQXJjaGl2ZXIACAARABYAHwAoADIANQA6ADwARQBLAFIAXQBlAGwAbwBxAHMAdgB4AHoAfACGAJMAmACgAzgDOgM/A0gDUwNXA2UDbAN1A/YD+wP+BAsEEAAAAAAAAAIBAAAAAAAAACgAAAAAAAAAAAAAAAAAAAQi}}

@article{Meier:2005p8381,
	Author = {R Meier and V Cahill},
	Date-Added = {2011-03-26 17:43:09 -0600},
	Date-Modified = {2011-03-26 17:51:42 -0600},
	Journal = {The Computer Journal},
	Local-Url = {file://localhost/Users/todd/Documents/Papers/Meier/The%20Computer%20Journal%202005%20Meier.pdf},
	Number = {5},
	Pages = {602},
	Pmid = {1832208244891688285related:XZ1P97BPbRkJ},
	Rating = {0},
	Title = {Taxonomy of distributed event-based programming systems},
	Uri = {papers://EAC8E86E-3BE2-40BF-8DAA-DFE7C5F0E440/Paper/p8381},
	Volume = {48},
	Year = {2005},
	Bdsk-File-1 = {YnBsaXN0MDDUAQIDBAUIJidUJHRvcFgkb2JqZWN0c1gkdmVyc2lvblkkYXJjaGl2ZXLRBgdUcm9vdIABqAkKFRYXGyIjVSRudWxs0wsMDQ4RFFpOUy5vYmplY3RzV05TLmtleXNWJGNsYXNzog8QgASABqISE4ACgAOAB1lhbGlhc0RhdGFccmVsYXRpdmVQYXRo0hgNGRpXTlMuZGF0YU8RAc4AAAAAAc4AAgAABGJvb3QAAAAAAAAAAAAAAAAAAAAAAAAAAAAAAMlmI41IKwAAACPLox9UaGUgQ29tcHV0ZXIgSm91cm5hbCMyM0NCOUQucGRmAAAAAAAAAAAAAAAAAAAAAAAAAAAAAAAAAAAAAAAAAAAAI8udybPV3QAAAAAAAAAAAAQAAwAACSAAAAAAAAAAAAAAAAAAAAAFTWVpZXIAABAACAAAyWaF/QAAABEACAAAybQqPQAAAAEAFAAjy6MACxeWAAqi6QAKno8AAABjAAIARmJvb3Q6VXNlcnM6dG9kZDpEb2N1bWVudHM6UGFwZXJzOk1laWVyOlRoZSBDb21wdXRlciBKb3VybmFsIzIzQ0I5RC5wZGYADgBIACMAVABoAGUAIABDAG8AbQBwAHUAdABlAHIAIABKAG8AdQByAG4AYQBsACAAMgAwADAANQAgAE0AZQBpAGUAcgAuAHAAZABmAA8ACgAEAGIAbwBvAHQAEgBFVXNlcnMvdG9kZC9Eb2N1bWVudHMvUGFwZXJzL01laWVyL1RoZSBDb21wdXRlciBKb3VybmFsIDIwMDUgTWVpZXIucGRmAAATAAEvAAAVAAIAC///AACABdIcHR4fWCRjbGFzc2VzWiRjbGFzc25hbWWjHyAhXU5TTXV0YWJsZURhdGFWTlNEYXRhWE5TT2JqZWN0XxA8Li4vLi4vLi4vLi4vUGFwZXJzL01laWVyL1RoZSBDb21wdXRlciBKb3VybmFsIDIwMDUgTWVpZXIucGRm0hwdJCWiJSFcTlNEaWN0aW9uYXJ5EgABhqBfEA9OU0tleWVkQXJjaGl2ZXIACAARABYAHwAoADIANQA6ADwARQBLAFIAXQBlAGwAbwBxAHMAdgB4AHoAfACGAJMAmACgAnICdAJ5AoICjQKRAp8CpgKvAu4C8wL2AwMDCAAAAAAAAAIBAAAAAAAAACgAAAAAAAAAAAAAAAAAAAMa}}

@article{Sachs:2009p6699,
	Abstract = {... In Section 6, we survey related work in the area of MOM performance analysis. Finally, the paper is wrapped up with some concluding remarks in Section 7. 2. Background. Message - oriented middleware (MOM) is a specific class of middleware that supports loosely coupled ...},
	Author = {Kai Sachs and Samuel Kounev and Jean Bacon and Alejandro Buchmann},
	Date-Added = {2011-03-01 12:38:48 -0700},
	Date-Modified = {2011-03-01 12:39:28 -0700},
	Doi = {10.1016/j.peva.2009.01.003},
	Journal = {Performance Evaluation},
	Local-Url = {file://localhost/Users/todd/Documents/Papers/Sachs/Performance%20Evaluation%202009%20Sachs.pdf},
	Month = {Aug},
	Number = {8},
	Pages = {410--434},
	Pii = {S016653160900011X},
	Pmid = {11398433686575501736related:qNEt5AtfL54J},
	Rating = {0},
	Read = {Yes},
	Title = {Performance evaluation of message-oriented middleware using the SPECjms2007 benchmark},
	Uri = {papers://EAC8E86E-3BE2-40BF-8DAA-DFE7C5F0E440/Paper/p6699},
	Url = {http://linkinghub.elsevier.com/retrieve/pii/S016653160900011X},
	Volume = {66},
	Year = {2009},
	Bdsk-File-1 = {YnBsaXN0MDDUAQIDBAUIJidUJHRvcFgkb2JqZWN0c1gkdmVyc2lvblkkYXJjaGl2ZXLRBgdUcm9vdIABqAkKFRYXGyIjVSRudWxs0wsMDQ4RFFpOUy5vYmplY3RzV05TLmtleXNWJGNsYXNzog8QgASABqISE4ACgAOAB1lhbGlhc0RhdGFccmVsYXRpdmVQYXRo0hgNGRpXTlMuZGF0YU8RAdQAAAAAAdQAAgAABGJvb3QAAAAAAAAAAAAAAAAAAAAAAAAAAAAAAMlmI41IKwAAAB6eFB9QZXJmb3JtYW5jZSBFdmFsdWF0aSMxRjk4QjQucGRmAAAAAAAAAAAAAAAAAAAAAAAAAAAAAAAAAAAAAAAAAAAAH5i0yZKZWAAAAAAAAAAAAAQAAwAACSAAAAAAAAAAAAAAAAAAAAAFU2FjaHMAABAACAAAyWaF/QAAABEACAAAyZL7yAAAAAEAFAAenhQACxeWAAqi6QAKno8AAABjAAIARmJvb3Q6VXNlcnM6dG9kZDpEb2N1bWVudHM6UGFwZXJzOlNhY2hzOlBlcmZvcm1hbmNlIEV2YWx1YXRpIzFGOThCNC5wZGYADgBMACUAUABlAHIAZgBvAHIAbQBhAG4AYwBlACAARQB2AGEAbAB1AGEAdABpAG8AbgAgADIAMAAwADkAIABTAGEAYwBoAHMALgBwAGQAZgAPAAoABABiAG8AbwB0ABIAR1VzZXJzL3RvZGQvRG9jdW1lbnRzL1BhcGVycy9TYWNocy9QZXJmb3JtYW5jZSBFdmFsdWF0aW9uIDIwMDkgU2FjaHMucGRmAAATAAEvAAAVAAIAC///AACABdIcHR4fWCRjbGFzc2VzWiRjbGFzc25hbWWjHyAhXU5TTXV0YWJsZURhdGFWTlNEYXRhWE5TT2JqZWN0XxA+Li4vLi4vLi4vLi4vUGFwZXJzL1NhY2hzL1BlcmZvcm1hbmNlIEV2YWx1YXRpb24gMjAwOSBTYWNocy5wZGbSHB0kJaIlIVxOU0RpY3Rpb25hcnkSAAGGoF8QD05TS2V5ZWRBcmNoaXZlcgAIABEAFgAfACgAMgA1ADoAPABFAEsAUgBdAGUAbABvAHEAcwB2AHgAegB8AIYAkwCYAKACeAJ6An8CiAKTApcCpQKsArUC9gL7Av4DCwMQAAAAAAAAAgEAAAAAAAAAKAAAAAAAAAAAAAAAAAAAAyI=},
	Bdsk-Url-1 = {http://linkinghub.elsevier.com/retrieve/pii/S016653160900011X},
	Bdsk-Url-2 = {http://dx.doi.org/10.1016/j.peva.2009.01.003}}

@article{Tarkoma:2006p6862,
	Abstract = {Page 1. State of the Art  Review of Distributed  Event  Systems Sasu Tarkoma and Kimmo Raatikainen Helsinki University Computer Science Department Helsinki Institute for Information Technology {\copyright} 2005 Sasu Tarkoma and Kimmo Raatikainen ...},
	Author = {S Tarkoma{\ldots}},
	Date-Added = {2011-03-01 21:56:42 -0700},
	Date-Modified = {2011-03-09 18:31:20 -0700},
	Journal = {University of Helsinki},
	Local-Url = {file://localhost/Users/todd/Documents/Papers/Tarkoma%E2%80%A6/University%20of%20Helsinki%202006%20Tarkoma%E2%80%A6.pdf},
	Pmid = {4566866100130908846related:rooTk4XEYD8J},
	Rating = {0},
	Read = {Yes},
	Title = {State of the Art Review of Distributed Event Systems},
	Uri = {papers://EAC8E86E-3BE2-40BF-8DAA-DFE7C5F0E440/Paper/p6862},
	Url = {http://citeseerx.ist.psu.edu/viewdoc/download?doi=10.1.1.105.8702&rep=rep1&type=pdf},
	Year = {2006},
	Bdsk-File-1 = {YnBsaXN0MDDUAQIDBAUIJidUJHRvcFgkb2JqZWN0c1gkdmVyc2lvblkkYXJjaGl2ZXLRBgdUcm9vdIABqAkKFRYXGyIjVSRudWxs0wsMDQ4RFFpOUy5vYmplY3RzV05TLmtleXNWJGNsYXNzog8QgASABqISE4ACgAOAB1lhbGlhc0RhdGFccmVsYXRpdmVQYXRo0hgNGRpXTlMuZGF0YU8RAeoAAAAAAeoAAgAABGJvb3QAAAAAAAAAAAAAAAAAAAAAAAAAAAAAAMlmI41IKwAAAB6wOh9Vbml2ZXJzaXR5IG9mIEhlbHNpbiMxRjk4QzQucGRmAAAAAAAAAAAAAAAAAAAAAAAAAAAAAAAAAAAAAAAAAAAAH5jEyZMcGgAAAAAAAAAAAAQAAwAACSAAAAAAAAAAAAAAAAAAAAAIVGFya29tYckAEAAIAADJZoX9AAAAEQAIAADJk36KAAAAAQAUAB6wOgALF5YACqLpAAqejwAAAGMAAgBJYm9vdDpVc2Vyczp0b2RkOkRvY3VtZW50czpQYXBlcnM6VGFya29tYck6VW5pdmVyc2l0eSBvZiBIZWxzaW4jMUY5OEM0LnBkZgAADgBSACgAVQBuAGkAdgBlAHIAcwBpAHQAeQAgAG8AZgAgAEgAZQBsAHMAaQBuAGsAaQAgADIAMAAwADYAIABUAGEAcgBrAG8AbQBhICYALgBwAGQAZgAPAAoABABiAG8AbwB0ABIAUVVzZXJzL3RvZGQvRG9jdW1lbnRzL1BhcGVycy9UYXJrb21h4oCmL1VuaXZlcnNpdHkgb2YgSGVsc2lua2kgMjAwNiBUYXJrb21h4oCmLnBkZgAAEwABLwAAFQACAAv//wAAgAXSHB0eH1gkY2xhc3Nlc1okY2xhc3NuYW1lox8gIV1OU011dGFibGVEYXRhVk5TRGF0YVhOU09iamVjdG8QRAAuAC4ALwAuAC4ALwAuAC4ALwAuAC4ALwBQAGEAcABlAHIAcwAvAFQAYQByAGsAbwBtAGEgJgAvAFUAbgBpAHYAZQByAHMAaQB0AHkAIABvAGYAIABIAGUAbABzAGkAbgBrAGkAIAAyADAAMAA2ACAAVABhAHIAawBvAG0AYSAmAC4AcABkAGbSHB0kJaIlIVxOU0RpY3Rpb25hcnkSAAGGoF8QD05TS2V5ZWRBcmNoaXZlcgAIABEAFgAfACgAMgA1ADoAPABFAEsAUgBdAGUAbABvAHEAcwB2AHgAegB8AIYAkwCYAKACjgKQApUCngKpAq0CuwLCAssDVgNbA14DawNwAAAAAAAAAgEAAAAAAAAAKAAAAAAAAAAAAAAAAAAAA4I=},
	Bdsk-Url-1 = {http://citeseerx.ist.psu.edu/viewdoc/download?doi=10.1.1.105.8702&rep=rep1&type=pdf}}

@article{Eugster:2003p6725,
	Abstract = {... approaches are often referred to as message - oriented  middleware (MOM) [Banavar et al. 1999b]. At the interaction level, message queues recall much of tuple spaces: queues can be seen as global spaces, which are fed with messages from producers. ...},
	Author = {Patrick Eugster and Pascal Felber and Rachid Guerraoui and Anne-Marie Kermarrec},
	Date-Added = {2011-03-01 12:38:24 -0700},
	Date-Modified = {2011-03-09 18:31:47 -0700},
	Doi = {10.1145/857076.857078},
	Journal = {ACM Computing Surveys (CSUR)},
	Local-Url = {file://localhost/Users/todd/Documents/Papers/Eugster/ACM%20Computing%20Surveys%20(CSUR)%202003%20Eugster.pdf},
	Month = {Jan},
	Number = {2},
	Pages = {114--131},
	Pmid = {12139978746523875609related:GflYf1neeagJ},
	Rating = {0},
	Read = {Yes},
	Title = {The many faces of publish/subscribe},
	Uri = {papers://EAC8E86E-3BE2-40BF-8DAA-DFE7C5F0E440/Paper/p6725},
	Url = {http://portal.acm.org/citation.cfm?id=857076.857078},
	Volume = {35},
	Year = {2003},
	Bdsk-File-1 = {YnBsaXN0MDDUAQIDBAUIJidUJHRvcFgkb2JqZWN0c1gkdmVyc2lvblkkYXJjaGl2ZXLRBgdUcm9vdIABqAkKFRYXGyIjVSRudWxs0wsMDQ4RFFpOUy5vYmplY3RzV05TLmtleXNWJGNsYXNzog8QgASABqISE4ACgAOAB1lhbGlhc0RhdGFccmVsYXRpdmVQYXRo0hgNGRpXTlMuZGF0YU8RAfIAAAAAAfIAAgAABGJvb3QAAAAAAAAAAAAAAAAAAAAAAAAAAAAAAMlmI41IKwAAAB6d+x9BQ00gQ29tcHV0aW5nIFN1cnZleSMxRjk4QjgucGRmAAAAAAAAAAAAAAAAAAAAAAAAAAAAAAAAAAAAAAAAAAAAH5i4yZKZQAAAAAAAAAAAAAQAAwAACSAAAAAAAAAAAAAAAAAAAAAHRXVnc3RlcgAAEAAIAADJZoX9AAAAEQAIAADJkvuwAAAAAQAUAB6d+wALF5YACqLpAAqejwAAAGMAAgBIYm9vdDpVc2Vyczp0b2RkOkRvY3VtZW50czpQYXBlcnM6RXVnc3RlcjpBQ00gQ29tcHV0aW5nIFN1cnZleSMxRjk4QjgucGRmAA4AXAAtAEEAQwBNACAAQwBvAG0AcAB1AHQAaQBuAGcAIABTAHUAcgB2AGUAeQBzACAAKABDAFMAVQBSACkAIAAyADAAMAAzACAARQB1AGcAcwB0AGUAcgAuAHAAZABmAA8ACgAEAGIAbwBvAHQAEgBRVXNlcnMvdG9kZC9Eb2N1bWVudHMvUGFwZXJzL0V1Z3N0ZXIvQUNNIENvbXB1dGluZyBTdXJ2ZXlzIChDU1VSKSAyMDAzIEV1Z3N0ZXIucGRmAAATAAEvAAAVAAIAC///AACABdIcHR4fWCRjbGFzc2VzWiRjbGFzc25hbWWjHyAhXU5TTXV0YWJsZURhdGFWTlNEYXRhWE5TT2JqZWN0XxBILi4vLi4vLi4vLi4vUGFwZXJzL0V1Z3N0ZXIvQUNNIENvbXB1dGluZyBTdXJ2ZXlzIChDU1VSKSAyMDAzIEV1Z3N0ZXIucGRm0hwdJCWiJSFcTlNEaWN0aW9uYXJ5EgABhqBfEA9OU0tleWVkQXJjaGl2ZXIACAARABYAHwAoADIANQA6ADwARQBLAFIAXQBlAGwAbwBxAHMAdgB4AHoAfACGAJMAmACgApYCmAKdAqYCsQK1AsMCygLTAx4DIwMmAzMDOAAAAAAAAAIBAAAAAAAAACgAAAAAAAAAAAAAAAAAAANK},
	Bdsk-Url-1 = {http://portal.acm.org/citation.cfm?id=857076.857078},
	Bdsk-Url-2 = {http://dx.doi.org/10.1145/857076.857078}}

@article{Jarvensivu:2004p8369,
	Author = {R J{\"a}rvensivu and R Pitk{\"a}nen and T Mikkonen},
	Date-Added = {2011-03-26 15:26:58 -0600},
	Date-Modified = {2011-03-26 15:49:25 -0600},
	Journal = {Proceedings of the 2004 ACM symposium on Applied computing},
	Local-Url = {file://localhost/Users/todd/Documents/Papers/J%C3%A4rvensivu/Proceedings%20of%20the%202004%20ACM%20symposium%20on%20Applied%20computing%202004%20J%C3%A4rvensivu.pdf},
	Pages = {1184--1190},
	Pmid = {9183800127169193685related:1WYbzI5pc38J},
	Rating = {0},
	Read = {Yes},
	Title = {Object-oriented middleware for location-aware systems},
	Uri = {papers://EAC8E86E-3BE2-40BF-8DAA-DFE7C5F0E440/Paper/p8369},
	Year = {2004},
	Bdsk-File-1 = {YnBsaXN0MDDUAQIDBAUIJidUJHRvcFgkb2JqZWN0c1gkdmVyc2lvblkkYXJjaGl2ZXLRBgdUcm9vdIABqAkKFRYXGyIjVSRudWxs0wsMDQ4RFFpOUy5vYmplY3RzV05TLmtleXNWJGNsYXNzog8QgASABqISE4ACgAOAB1lhbGlhc0RhdGFccmVsYXRpdmVQYXRo0hgNGRpXTlMuZGF0YU8RAmQAAAAAAmQAAgAABGJvb3QAAAAAAAAAAAAAAAAAAAAAAAAAAAAAAMlmI41IKwAAACPCuB9Qcm9jZWVkaW5ncyBvZiB0aGUgMiMyM0MwN0MucGRmAAAAAAAAAAAAAAAAAAAAAAAAAAAAAAAAAAAAAAAAAAAAI8B8ybO2DAAAAAAAAAAAAAQAAwAACSAAAAAAAAAAAAAAAAAAAAAKSopydmVuc2l2dQAQAAgAAMlmhf0AAAARAAgAAMm0CmwAAAABABQAI8K4AAsXlgAKoukACp6PAAAAYwACAEtib290OlVzZXJzOnRvZGQ6RG9jdW1lbnRzOlBhcGVyczpKinJ2ZW5zaXZ1OlByb2NlZWRpbmdzIG9mIHRoZSAyIzIzQzA3Qy5wZGYAAA4AoABPAFAAcgBvAGMAZQBlAGQAaQBuAGcAcwAgAG8AZgAgAHQAaABlACAAMgAwADAANAAgAEEAQwBNACAAcwB5AG0AcABvAHMAaQB1AG0AIABvAG4AIABBAHAAcABsAGkAZQBkACAAYwBvAG0AcAB1AHQAaQBuAGcAIAAyADAAMAA0ACAASgBhAwgAcgB2AGUAbgBzAGkAdgB1AC4AcABkAGYADwAKAAQAYgBvAG8AdAASAHlVc2Vycy90b2RkL0RvY3VtZW50cy9QYXBlcnMvSmHMiHJ2ZW5zaXZ1L1Byb2NlZWRpbmdzIG9mIHRoZSAyMDA0IEFDTSBzeW1wb3NpdW0gb24gQXBwbGllZCBjb21wdXRpbmcgMjAwNCBKYcyIcnZlbnNpdnUucGRmAAATAAEvAAAVAAIAC///AACABdIcHR4fWCRjbGFzc2VzWiRjbGFzc25hbWWjHyAhXU5TTXV0YWJsZURhdGFWTlNEYXRhWE5TT2JqZWN0bxBuAC4ALgAvAC4ALgAvAC4ALgAvAC4ALgAvAFAAYQBwAGUAcgBzAC8ASgBhAwgAcgB2AGUAbgBzAGkAdgB1AC8AUAByAG8AYwBlAGUAZABpAG4AZwBzACAAbwBmACAAdABoAGUAIAAyADAAMAA0ACAAQQBDAE0AIABzAHkAbQBwAG8AcwBpAHUAbQAgAG8AbgAgAEEAcABwAGwAaQBlAGQAIABjAG8AbQBwAHUAdABpAG4AZwAgADIAMAAwADQAIABKAGEDCAByAHYAZQBuAHMAaQB2AHUALgBwAGQAZtIcHSQloiUhXE5TRGljdGlvbmFyeRIAAYagXxAPTlNLZXllZEFyY2hpdmVyAAgAEQAWAB8AKAAyADUAOgA8AEUASwBSAF0AZQBsAG8AcQBzAHYAeAB6AHwAhgCTAJgAoAMIAwoDDwMYAyMDJwM1AzwDRQQkBCkELAQ5BD4AAAAAAAACAQAAAAAAAAAoAAAAAAAAAAAAAAAAAAAEUA==}}

@article{Henning:2004p8372,
	Author = {M Henning},
	Date-Added = {2011-03-26 15:26:58 -0600},
	Date-Modified = {2011-03-26 15:35:38 -0600},
	Journal = {Internet Computing, IEEE},
	Local-Url = {file://localhost/Users/todd/Documents/Papers/Henning/Internet%20Computing%20IEEE%202004%20Henning.pdf},
	Number = {1},
	Pages = {66--75},
	Pmid = {7048355286513193929related:yZNdD8rJ0GEJ},
	Rating = {0},
	Read = {Yes},
	Title = {A new approach to object-oriented middleware},
	Uri = {papers://EAC8E86E-3BE2-40BF-8DAA-DFE7C5F0E440/Paper/p8372},
	Volume = {8},
	Year = {2004},
	Bdsk-File-1 = {YnBsaXN0MDDUAQIDBAUIJidUJHRvcFgkb2JqZWN0c1gkdmVyc2lvblkkYXJjaGl2ZXLRBgdUcm9vdIABqAkKFRYXGyIjVSRudWxs0wsMDQ4RFFpOUy5vYmplY3RzV05TLmtleXNWJGNsYXNzog8QgASABqISE4ACgAOAB1lhbGlhc0RhdGFccmVsYXRpdmVQYXRo0hgNGRpXTlMuZGF0YU8RAeIAAAAAAeIAAgAABGJvb3QAAAAAAAAAAAAAAAAAAAAAAAAAAAAAAMlmI41IKwAAACPBGh9JbnRlcm5ldCBDb21wdXRpbmcgSSMyM0MwNzgucGRmAAAAAAAAAAAAAAAAAAAAAAAAAAAAAAAAAAAAAAAAAAAAI8B4ybO2DAAAAAAAAAAAAAQAAwAACSAAAAAAAAAAAAAAAAAAAAAHSGVubmluZwAAEAAIAADJZoX9AAAAEQAIAADJtApsAAAAAQAUACPBGgALF5YACqLpAAqejwAAAGMAAgBIYm9vdDpVc2Vyczp0b2RkOkRvY3VtZW50czpQYXBlcnM6SGVubmluZzpJbnRlcm5ldCBDb21wdXRpbmcgSSMyM0MwNzgucGRmAA4AUgAoAEkAbgB0AGUAcgBuAGUAdAAgAEMAbwBtAHAAdQB0AGkAbgBnACAASQBFAEUARQAgADIAMAAwADQAIABIAGUAbgBuAGkAbgBnAC4AcABkAGYADwAKAAQAYgBvAG8AdAASAExVc2Vycy90b2RkL0RvY3VtZW50cy9QYXBlcnMvSGVubmluZy9JbnRlcm5ldCBDb21wdXRpbmcgSUVFRSAyMDA0IEhlbm5pbmcucGRmABMAAS8AABUAAgAL//8AAIAF0hwdHh9YJGNsYXNzZXNaJGNsYXNzbmFtZaMfICFdTlNNdXRhYmxlRGF0YVZOU0RhdGFYTlNPYmplY3RfEEMuLi8uLi8uLi8uLi9QYXBlcnMvSGVubmluZy9JbnRlcm5ldCBDb21wdXRpbmcgSUVFRSAyMDA0IEhlbm5pbmcucGRm0hwdJCWiJSFcTlNEaWN0aW9uYXJ5EgABhqBfEA9OU0tleWVkQXJjaGl2ZXIACAARABYAHwAoADIANQA6ADwARQBLAFIAXQBlAGwAbwBxAHMAdgB4AHoAfACGAJMAmACgAoYCiAKNApYCoQKlArMCugLDAwkDDgMRAx4DIwAAAAAAAAIBAAAAAAAAACgAAAAAAAAAAAAAAAAAAAM1}}

@article{Dipper:2004p8366,
	Author = {N.A Dipper and C Blackburn},
	Date-Added = {2011-03-26 15:26:58 -0600},
	Date-Modified = {2011-03-26 15:36:33 -0600},
	Journal = {Proceedings of SPIE},
	Local-Url = {file://localhost/Users/todd/Documents/Papers/Dipper/Proceedings%20of%20SPIE%202004%20Dipper.pdf},
	Pages = {565},
	Pmid = {6359767511418150671related:Dx8mLNtuQlgJ},
	Rating = {0},
	Read = {Yes},
	Title = {The use of object-oriented techniques and CORBA in astronomical instrumentation control systems},
	Uri = {papers://EAC8E86E-3BE2-40BF-8DAA-DFE7C5F0E440/Paper/p8366},
	Volume = {5496},
	Year = {2004},
	Bdsk-File-1 = {YnBsaXN0MDDUAQIDBAUIJidUJHRvcFgkb2JqZWN0c1gkdmVyc2lvblkkYXJjaGl2ZXLRBgdUcm9vdIABqAkKFRYXGyIjVSRudWxs0wsMDQ4RFFpOUy5vYmplY3RzV05TLmtleXNWJGNsYXNzog8QgASABqISE4ACgAOAB1lhbGlhc0RhdGFccmVsYXRpdmVQYXRo0hgNGRpXTlMuZGF0YU8RAdAAAAAAAdAAAgAABGJvb3QAAAAAAAAAAAAAAAAAAAAAAAAAAAAAAMlmI41IKwAAACPBQx9Qcm9jZWVkaW5ncyBvZiBTUElFICMyM0MwNzkucGRmAAAAAAAAAAAAAAAAAAAAAAAAAAAAAAAAAAAAAAAAAAAAI8B5ybO2DAAAAAAAAAAAAAQAAwAACSAAAAAAAAAAAAAAAAAAAAAGRGlwcGVyABAACAAAyWaF/QAAABEACAAAybQKbAAAAAEAFAAjwUMACxeWAAqi6QAKno8AAABjAAIAR2Jvb3Q6VXNlcnM6dG9kZDpEb2N1bWVudHM6UGFwZXJzOkRpcHBlcjpQcm9jZWVkaW5ncyBvZiBTUElFICMyM0MwNzkucGRmAAAOAEgAIwBQAHIAbwBjAGUAZQBkAGkAbgBnAHMAIABvAGYAIABTAFAASQBFACAAMgAwADAANAAgAEQAaQBwAHAAZQByAC4AcABkAGYADwAKAAQAYgBvAG8AdAASAEZVc2Vycy90b2RkL0RvY3VtZW50cy9QYXBlcnMvRGlwcGVyL1Byb2NlZWRpbmdzIG9mIFNQSUUgMjAwNCBEaXBwZXIucGRmABMAAS8AABUAAgAL//8AAIAF0hwdHh9YJGNsYXNzZXNaJGNsYXNzbmFtZaMfICFdTlNNdXRhYmxlRGF0YVZOU0RhdGFYTlNPYmplY3RfED0uLi8uLi8uLi8uLi9QYXBlcnMvRGlwcGVyL1Byb2NlZWRpbmdzIG9mIFNQSUUgMjAwNCBEaXBwZXIucGRm0hwdJCWiJSFcTlNEaWN0aW9uYXJ5EgABhqBfEA9OU0tleWVkQXJjaGl2ZXIACAARABYAHwAoADIANQA6ADwARQBLAFIAXQBlAGwAbwBxAHMAdgB4AHoAfACGAJMAmACgAnQCdgJ7AoQCjwKTAqECqAKxAvEC9gL5AwYDCwAAAAAAAAIBAAAAAAAAACgAAAAAAAAAAAAAAAAAAAMd}}

@article{Wang:2008p8370,
	Author = {M.M Wang and J.N Cao and J Li and S.K Dasi},
	Date-Added = {2011-03-26 15:26:58 -0600},
	Date-Modified = {2011-03-26 15:51:08 -0600},
	Journal = {Journal of computer science and technology},
	Local-Url = {file://localhost/Users/todd/Documents/Papers/Wang/Journal%20of%20computer%20science%20and%20technology%202008%20Wang.pdf},
	Number = {3},
	Pages = {305--326},
	Pmid = {16544383953217278548related:VFIwr4x1meUJ},
	Rating = {0},
	Read = {Yes},
	Title = {Middleware for wireless sensor networks: A survey},
	Uri = {papers://EAC8E86E-3BE2-40BF-8DAA-DFE7C5F0E440/Paper/p8370},
	Volume = {23},
	Year = {2008},
	Bdsk-File-1 = {YnBsaXN0MDDUAQIDBAUIJidUJHRvcFgkb2JqZWN0c1gkdmVyc2lvblkkYXJjaGl2ZXLRBgdUcm9vdIABqAkKFRYXGyIjVSRudWxs0wsMDQ4RFFpOUy5vYmplY3RzV05TLmtleXNWJGNsYXNzog8QgASABqISE4ACgAOAB1lhbGlhc0RhdGFccmVsYXRpdmVQYXRo0hgNGRpXTlMuZGF0YU8RAgoAAAAAAgoAAgAABGJvb3QAAAAAAAAAAAAAAAAAAAAAAAAAAAAAAMlmI41IKwAAAAsuyx9Kb3VybmFsIG9mIGNvbXB1dGVyICMyM0MwN0UucGRmAAAAAAAAAAAAAAAAAAAAAAAAAAAAAAAAAAAAAAAAAAAAI8B+ybO2DAAAAAAAAAAAAAQAAwAACSAAAAAAAAAAAAAAAAAAAAAEV2FuZwAQAAgAAMlmhf0AAAARAAgAAMm0CmwAAAABABQACy7LAAsXlgAKoukACp6PAAAAYwACAEVib290OlVzZXJzOnRvZGQ6RG9jdW1lbnRzOlBhcGVyczpXYW5nOkpvdXJuYWwgb2YgY29tcHV0ZXIgIzIzQzA3RS5wZGYAAA4AcgA4AEoAbwB1AHIAbgBhAGwAIABvAGYAIABjAG8AbQBwAHUAdABlAHIAIABzAGMAaQBlAG4AYwBlACAAYQBuAGQAIAB0AGUAYwBoAG4AbwBsAG8AZwB5ACAAMgAwADAAOAAgAFcAYQBuAGcALgBwAGQAZgAPAAoABABiAG8AbwB0ABIAWVVzZXJzL3RvZGQvRG9jdW1lbnRzL1BhcGVycy9XYW5nL0pvdXJuYWwgb2YgY29tcHV0ZXIgc2NpZW5jZSBhbmQgdGVjaG5vbG9neSAyMDA4IFdhbmcucGRmAAATAAEvAAAVAAIAC///AACABdIcHR4fWCRjbGFzc2VzWiRjbGFzc25hbWWjHyAhXU5TTXV0YWJsZURhdGFWTlNEYXRhWE5TT2JqZWN0XxBQLi4vLi4vLi4vLi4vUGFwZXJzL1dhbmcvSm91cm5hbCBvZiBjb21wdXRlciBzY2llbmNlIGFuZCB0ZWNobm9sb2d5IDIwMDggV2FuZy5wZGbSHB0kJaIlIVxOU0RpY3Rpb25hcnkSAAGGoF8QD05TS2V5ZWRBcmNoaXZlcgAIABEAFgAfACgAMgA1ADoAPABFAEsAUgBdAGUAbABvAHEAcwB2AHgAegB8AIYAkwCYAKACrgKwArUCvgLJAs0C2wLiAusDPgNDA0YDUwNYAAAAAAAAAgEAAAAAAAAAKAAAAAAAAAAAAAAAAAAAA2o=}}

@article{Pietzuch:2004p8378,
	Author = {P.R Pietzuch},
	Date-Added = {2011-03-26 17:43:09 -0600},
	Date-Modified = {2011-03-26 17:44:43 -0600},
	Journal = {University of Cambridge PhD thesis and TR590},
	Local-Url = {file://localhost/Users/todd/Documents/Papers/Pietzuch/University%20of%20Cambridge%20PhD%20thesis%20and%20TR590%202004%20Pietzuch.pdf},
	Pmid = {4832508147860571533related:jQVph46EEEMJ},
	Rating = {0},
	Title = {Hermes: A scalable event-based middleware},
	Uri = {papers://EAC8E86E-3BE2-40BF-8DAA-DFE7C5F0E440/Paper/p8378},
	Year = {2004},
	Bdsk-File-1 = {YnBsaXN0MDDUAQIDBAUIJidUJHRvcFgkb2JqZWN0c1gkdmVyc2lvblkkYXJjaGl2ZXLRBgdUcm9vdIABqAkKFRYXGyIjVSRudWxs0wsMDQ4RFFpOUy5vYmplY3RzV05TLmtleXNWJGNsYXNzog8QgASABqISE4ACgAOAB1lhbGlhc0RhdGFccmVsYXRpdmVQYXRo0hgNGRpXTlMuZGF0YU8RAigAAAAAAigAAgAABGJvb3QAAAAAAAAAAAAAAAAAAAAAAAAAAAAAAMlmI41IKwAAACPLrB9Vbml2ZXJzaXR5IG9mIENhbWJyaSMyM0NCOTkucGRmAAAAAAAAAAAAAAAAAAAAAAAAAAAAAAAAAAAAAAAAAAAAI8uZybPV3QAAAAAAAAAAAAQAAwAACSAAAAAAAAAAAAAAAAAAAAAIUGlldHp1Y2gAEAAIAADJZoX9AAAAEQAIAADJtCo9AAAAAQAUACPLrAALF5YACqLpAAqejwAAAGMAAgBJYm9vdDpVc2Vyczp0b2RkOkRvY3VtZW50czpQYXBlcnM6UGlldHp1Y2g6VW5pdmVyc2l0eSBvZiBDYW1icmkjMjNDQjk5LnBkZgAADgB+AD4AVQBuAGkAdgBlAHIAcwBpAHQAeQAgAG8AZgAgAEMAYQBtAGIAcgBpAGQAZwBlACAAUABoAEQAIAB0AGgAZQBzAGkAcwAgAGEAbgBkACAAVABSADUAOQAwACAAMgAwADAANAAgAFAAaQBlAHQAegB1AGMAaAAuAHAAZABmAA8ACgAEAGIAbwBvAHQAEgBjVXNlcnMvdG9kZC9Eb2N1bWVudHMvUGFwZXJzL1BpZXR6dWNoL1VuaXZlcnNpdHkgb2YgQ2FtYnJpZGdlIFBoRCB0aGVzaXMgYW5kIFRSNTkwIDIwMDQgUGlldHp1Y2gucGRmAAATAAEvAAAVAAIAC///AACABdIcHR4fWCRjbGFzc2VzWiRjbGFzc25hbWWjHyAhXU5TTXV0YWJsZURhdGFWTlNEYXRhWE5TT2JqZWN0XxBaLi4vLi4vLi4vLi4vUGFwZXJzL1BpZXR6dWNoL1VuaXZlcnNpdHkgb2YgQ2FtYnJpZGdlIFBoRCB0aGVzaXMgYW5kIFRSNTkwIDIwMDQgUGlldHp1Y2gucGRm0hwdJCWiJSFcTlNEaWN0aW9uYXJ5EgABhqBfEA9OU0tleWVkQXJjaGl2ZXIACAARABYAHwAoADIANQA6ADwARQBLAFIAXQBlAGwAbwBxAHMAdgB4AHoAfACGAJMAmACgAswCzgLTAtwC5wLrAvkDAAMJA2YDawNuA3sDgAAAAAAAAAIBAAAAAAAAACgAAAAAAAAAAAAAAAAAAAOS}}

@article{Tokunaga:2003p8373,
	Author = {E Tokunaga and A Van Der Zee and M Kurahashi and M Nemoto and T Nakajima},
	Date-Added = {2011-03-26 15:26:58 -0600},
	Date-Modified = {2011-03-26 15:38:19 -0600},
	Journal = {Proceedings of the Sixth IEEE International Symposium on Object-Oriented Real-Time Distributed Computing},
	Local-Url = {file://localhost/Users/todd/Documents/Papers/Tokunaga/Proceedings%20of%20the%20Sixth%20IEEE%20International%20Symposium%20on%20Object-Oriented%20Real-Time%20Distributed%20Computing%202003%20Tokunaga.pdf},
	Pmid = {11438045079052621232related:sBXW5WUZvJ4J},
	Rating = {0},
	Read = {Yes},
	Title = {Object-Oriented Middleware Infrastructure for Distributed Augmented Reality},
	Uri = {papers://EAC8E86E-3BE2-40BF-8DAA-DFE7C5F0E440/Paper/p8373},
	Year = {2003},
	Bdsk-File-1 = {YnBsaXN0MDDUAQIDBAUIJidUJHRvcFgkb2JqZWN0c1gkdmVyc2lvblkkYXJjaGl2ZXLRBgdUcm9vdIABqAkKFRYXGyIjVSRudWxs0wsMDQ4RFFpOUy5vYmplY3RzV05TLmtleXNWJGNsYXNzog8QgASABqISE4ACgAOAB1lhbGlhc0RhdGFccmVsYXRpdmVQYXRo0hgNGRpXTlMuZGF0YU8RAtwAAAAAAtwAAgAABGJvb3QAAAAAAAAAAAAAAAAAAAAAAAAAAAAAAMlmI41IKwAAACPBTh9Qcm9jZWVkaW5ncyBvZiB0aGUgUyMyM0MwN0EucGRmAAAAAAAAAAAAAAAAAAAAAAAAAAAAAAAAAAAAAAAAAAAAI8B6ybO2DAAAAAAAAAAAAAQAAwAACSAAAAAAAAAAAAAAAAAAAAAIVG9rdW5hZ2EAEAAIAADJZoX9AAAAEQAIAADJtApsAAAAAQAUACPBTgALF5YACqLpAAqejwAAAGMAAgBJYm9vdDpVc2Vyczp0b2RkOkRvY3VtZW50czpQYXBlcnM6VG9rdW5hZ2E6UHJvY2VlZGluZ3Mgb2YgdGhlIFMjMjNDMDdBLnBkZgAADgD2AHoAUAByAG8AYwBlAGUAZABpAG4AZwBzACAAbwBmACAAdABoAGUAIABTAGkAeAB0AGgAIABJAEUARQBFACAASQBuAHQAZQByAG4AYQB0AGkAbwBuAGEAbAAgAFMAeQBtAHAAbwBzAGkAdQBtACAAbwBuACAATwBiAGoAZQBjAHQALQBPAHIAaQBlAG4AdABlAGQAIABSAGUAYQBsAC0AVABpAG0AZQAgAEQAaQBzAHQAcgBpAGIAdQB0AGUAZAAgAEMAbwBtAHAAdQB0AGkAbgBnACAAMgAwADAAMwAgAFQAbwBrAHUAbgBhAGcAYQAuAHAAZABmAA8ACgAEAGIAbwBvAHQAEgCfVXNlcnMvdG9kZC9Eb2N1bWVudHMvUGFwZXJzL1Rva3VuYWdhL1Byb2NlZWRpbmdzIG9mIHRoZSBTaXh0aCBJRUVFIEludGVybmF0aW9uYWwgU3ltcG9zaXVtIG9uIE9iamVjdC1PcmllbnRlZCBSZWFsLVRpbWUgRGlzdHJpYnV0ZWQgQ29tcHV0aW5nIDIwMDMgVG9rdW5hZ2EucGRmAAATAAEvAAAVAAIAC///AACABdIcHR4fWCRjbGFzc2VzWiRjbGFzc25hbWWjHyAhXU5TTXV0YWJsZURhdGFWTlNEYXRhWE5TT2JqZWN0XxCWLi4vLi4vLi4vLi4vUGFwZXJzL1Rva3VuYWdhL1Byb2NlZWRpbmdzIG9mIHRoZSBTaXh0aCBJRUVFIEludGVybmF0aW9uYWwgU3ltcG9zaXVtIG9uIE9iamVjdC1PcmllbnRlZCBSZWFsLVRpbWUgRGlzdHJpYnV0ZWQgQ29tcHV0aW5nIDIwMDMgVG9rdW5hZ2EucGRm0hwdJCWiJSFcTlNEaWN0aW9uYXJ5EgABhqBfEA9OU0tleWVkQXJjaGl2ZXIACAARABYAHwAoADIANQA6ADwARQBLAFIAXQBlAGwAbwBxAHMAdgB4AHoAfACGAJMAmACgA4ADggOHA5ADmwOfA60DtAO9BFYEWwReBGsEcAAAAAAAAAIBAAAAAAAAACgAAAAAAAAAAAAAAAAAAASC}}

@article{Hsiao:2005p8709,
	Author = {T.Y Hsiao and S.M Yuan},
	Date-Added = {2011-04-02 09:14:25 -0600},
	Date-Modified = {2011-04-02 09:19:35 -0600},
	Journal = {IEEE Internet Computing},
	Local-Url = {file://localhost/Users/todd/Documents/Papers/Hsiao/IEEE%20Internet%20Computing%202005%20Hsiao.pdf},
	Pages = {47--54},
	Pmid = {4159168973089613750related:tifVESVWuDkJ},
	Rating = {0},
	Title = {Practical middleware for massively multiplayer online games},
	Uri = {papers://EAC8E86E-3BE2-40BF-8DAA-DFE7C5F0E440/Paper/p8709},
	Year = {2005},
	Bdsk-File-1 = {YnBsaXN0MDDUAQIDBAUIJidUJHRvcFgkb2JqZWN0c1gkdmVyc2lvblkkYXJjaGl2ZXLRBgdUcm9vdIABqAkKFRYXGyIjVSRudWxs0wsMDQ4RFFpOUy5vYmplY3RzV05TLmtleXNWJGNsYXNzog8QgASABqISE4ACgAOAB1lhbGlhc0RhdGFccmVsYXRpdmVQYXRo0hgNGRpXTlMuZGF0YU8RAdYAAAAAAdYAAgAABGJvb3QAAAAAAAAAAAAAAAAAAAAAAAAAAAAAAMlmI41IKwAAACTnLB9JRUVFIEludGVybmV0IENvbXB1dCMyNEU2OTUucGRmAAAAAAAAAAAAAAAAAAAAAAAAAAAAAAAAAAAAAAAAAAAAJOaVybyYOAAAAAAAAAAAAAQAAwAACSAAAAAAAAAAAAAAAAAAAAAFSHNpYW8AABAACAAAyWaF/QAAABEACAAAybzsmAAAAAEAFAAk5ywACxeWAAqi6QAKno8AAABjAAIARmJvb3Q6VXNlcnM6dG9kZDpEb2N1bWVudHM6UGFwZXJzOkhzaWFvOklFRUUgSW50ZXJuZXQgQ29tcHV0IzI0RTY5NS5wZGYADgBOACYASQBFAEUARQAgAEkAbgB0AGUAcgBuAGUAdAAgAEMAbwBtAHAAdQB0AGkAbgBnACAAMgAwADAANQAgAEgAcwBpAGEAbwAuAHAAZABmAA8ACgAEAGIAbwBvAHQAEgBIVXNlcnMvdG9kZC9Eb2N1bWVudHMvUGFwZXJzL0hzaWFvL0lFRUUgSW50ZXJuZXQgQ29tcHV0aW5nIDIwMDUgSHNpYW8ucGRmABMAAS8AABUAAgAL//8AAIAF0hwdHh9YJGNsYXNzZXNaJGNsYXNzbmFtZaMfICFdTlNNdXRhYmxlRGF0YVZOU0RhdGFYTlNPYmplY3RfED8uLi8uLi8uLi8uLi9QYXBlcnMvSHNpYW8vSUVFRSBJbnRlcm5ldCBDb21wdXRpbmcgMjAwNSBIc2lhby5wZGbSHB0kJaIlIVxOU0RpY3Rpb25hcnkSAAGGoF8QD05TS2V5ZWRBcmNoaXZlcgAIABEAFgAfACgAMgA1ADoAPABFAEsAUgBdAGUAbABvAHEAcwB2AHgAegB8AIYAkwCYAKACegJ8AoECigKVApkCpwKuArcC+QL+AwEDDgMTAAAAAAAAAgEAAAAAAAAAKAAAAAAAAAAAAAAAAAAAAyU=}}

@article{Denault:2008p8364,
	Author = {A Denault and J Kienzle and C Dionne and C Verbrugge},
	Date-Added = {2011-03-26 15:26:58 -0600},
	Date-Modified = {2011-04-02 09:19:02 -0600},
	Local-Url = {file://localhost/Users/todd/Documents/Papers/Denault/2008%20Denault.pdf},
	Pmid = {6079821590111262185related:6RVVIIbdX1QJ},
	Rating = {0},
	Read = {Yes},
	Title = {Object-Oriented Network Middleware for Massively Multiplayer Online Games},
	Uri = {papers://EAC8E86E-3BE2-40BF-8DAA-DFE7C5F0E440/Paper/p8364},
	Url = {http://www.cs.mcgill.ca/~adenau/pub/networkmiddleware.pdf},
	Year = {2008},
	Bdsk-File-1 = {YnBsaXN0MDDUAQIDBAUIJidUJHRvcFgkb2JqZWN0c1gkdmVyc2lvblkkYXJjaGl2ZXLRBgdUcm9vdIABqAkKFRYXGyIjVSRudWxs0wsMDQ4RFFpOUy5vYmplY3RzV05TLmtleXNWJGNsYXNzog8QgASABqISE4ACgAOAB1lhbGlhc0RhdGFccmVsYXRpdmVQYXRo0hgNGRpXTlMuZGF0YU8RAYwAAAAAAYwAAgAABGJvb3QAAAAAAAAAAAAAAAAAAAAAAAAAAAAAAMlmI41IKwAAACPAuRAyMDA4IERlbmF1bHQucGRmAAAAAAAAAAAAAAAAAAAAAAAAAAAAAAAAAAAAAAAAAAAAAAAAAAAAAAAAAAAAAAAAI8B1ybO2DAAAAAAAAAAAAAQAAwAACSAAAAAAAAAAAAAAAAAAAAAHRGVuYXVsdAAAEAAIAADJZoX9AAAAEQAIAADJtApsAAAAAQAUACPAuQALF5YACqLpAAqejwAAAGMAAgA5Ym9vdDpVc2Vyczp0b2RkOkRvY3VtZW50czpQYXBlcnM6RGVuYXVsdDoyMDA4IERlbmF1bHQucGRmAAAOACIAEAAyADAAMAA4ACAARABlAG4AYQB1AGwAdAAuAHAAZABmAA8ACgAEAGIAbwBvAHQAEgA0VXNlcnMvdG9kZC9Eb2N1bWVudHMvUGFwZXJzL0RlbmF1bHQvMjAwOCBEZW5hdWx0LnBkZgATAAEvAAAVAAIAC///AACABdIcHR4fWCRjbGFzc2VzWiRjbGFzc25hbWWjHyAhXU5TTXV0YWJsZURhdGFWTlNEYXRhWE5TT2JqZWN0XxArLi4vLi4vLi4vLi4vUGFwZXJzL0RlbmF1bHQvMjAwOCBEZW5hdWx0LnBkZtIcHSQloiUhXE5TRGljdGlvbmFyeRIAAYagXxAPTlNLZXllZEFyY2hpdmVyAAgAEQAWAB8AKAAyADUAOgA8AEUASwBSAF0AZQBsAG8AcQBzAHYAeAB6AHwAhgCTAJgAoAIwAjICNwJAAksCTwJdAmQCbQKbAqACowKwArUAAAAAAAACAQAAAAAAAAAoAAAAAAAAAAAAAAAAAAACxw==},
	Bdsk-Url-1 = {http://www.cs.mcgill.ca/~adenau/pub/networkmiddleware.pdf}}

@article{Vinoski:2004p8371,
	Author = {S Vinoski},
	Date-Added = {2011-03-26 15:26:58 -0600},
	Date-Modified = {2011-03-26 15:34:49 -0600},
	Journal = {Reliable Software Technologies-Ada-Europe 2004},
	Local-Url = {file://localhost/Users/todd/Documents/Papers/Vinoski/Reliable%20Software%20Technologies-Ada-Europe%202004%202004%20Vinoski.pdf},
	Pages = {35--51},
	Pmid = {4516242301042195529related:SXw22XHqrD4J},
	Rating = {0},
	Read = {Yes},
	Title = {An overview of middleware},
	Uri = {papers://EAC8E86E-3BE2-40BF-8DAA-DFE7C5F0E440/Paper/p8371},
	Year = {2004},
	Bdsk-File-1 = {YnBsaXN0MDDUAQIDBAUIJidUJHRvcFgkb2JqZWN0c1gkdmVyc2lvblkkYXJjaGl2ZXLRBgdUcm9vdIABqAkKFRYXGyIjVSRudWxs0wsMDQ4RFFpOUy5vYmplY3RzV05TLmtleXNWJGNsYXNzog8QgASABqISE4ACgAOAB1lhbGlhc0RhdGFccmVsYXRpdmVQYXRo0hgNGRpXTlMuZGF0YU8RAigAAAAAAigAAgAABGJvb3QAAAAAAAAAAAAAAAAAAAAAAAAAAAAAAMlmI41IKwAAACPAdh9SZWxpYWJsZSBTb2Z0d2FyZSBUZSMyM0MwNzcucGRmAAAAAAAAAAAAAAAAAAAAAAAAAAAAAAAAAAAAAAAAAAAAI8B3ybO2DAAAAAAAAAAAAAQAAwAACSAAAAAAAAAAAAAAAAAAAAAHVmlub3NraQAAEAAIAADJZoX9AAAAEQAIAADJtApsAAAAAQAUACPAdgALF5YACqLpAAqejwAAAGMAAgBIYm9vdDpVc2Vyczp0b2RkOkRvY3VtZW50czpQYXBlcnM6Vmlub3NraTpSZWxpYWJsZSBTb2Z0d2FyZSBUZSMyM0MwNzcucGRmAA4AgAA/AFIAZQBsAGkAYQBiAGwAZQAgAFMAbwBmAHQAdwBhAHIAZQAgAFQAZQBjAGgAbgBvAGwAbwBnAGkAZQBzAC0AQQBkAGEALQBFAHUAcgBvAHAAZQAgADIAMAAwADQAIAAyADAAMAA0ACAAVgBpAG4AbwBzAGsAaQAuAHAAZABmAA8ACgAEAGIAbwBvAHQAEgBjVXNlcnMvdG9kZC9Eb2N1bWVudHMvUGFwZXJzL1Zpbm9za2kvUmVsaWFibGUgU29mdHdhcmUgVGVjaG5vbG9naWVzLUFkYS1FdXJvcGUgMjAwNCAyMDA0IFZpbm9za2kucGRmAAATAAEvAAAVAAIAC///AACABdIcHR4fWCRjbGFzc2VzWiRjbGFzc25hbWWjHyAhXU5TTXV0YWJsZURhdGFWTlNEYXRhWE5TT2JqZWN0XxBaLi4vLi4vLi4vLi4vUGFwZXJzL1Zpbm9za2kvUmVsaWFibGUgU29mdHdhcmUgVGVjaG5vbG9naWVzLUFkYS1FdXJvcGUgMjAwNCAyMDA0IFZpbm9za2kucGRm0hwdJCWiJSFcTlNEaWN0aW9uYXJ5EgABhqBfEA9OU0tleWVkQXJjaGl2ZXIACAARABYAHwAoADIANQA6ADwARQBLAFIAXQBlAGwAbwBxAHMAdgB4AHoAfACGAJMAmACgAswCzgLTAtwC5wLrAvkDAAMJA2YDawNuA3sDgAAAAAAAAAIBAAAAAAAAACgAAAAAAAAAAAAAAAAAAAOS}}

@article{Mohamed:2011p8374,
	Author = {N Mohamed and J Al-Jaroodi and I Jawhar},
	Date-Added = {2011-03-26 15:26:58 -0600},
	Date-Modified = {2011-03-26 15:50:14 -0600},
	Journal = {Robotics, Automation and Mechatronics, 2008 IEEE Conference on},
	Local-Url = {file://localhost/Users/todd/Documents/Papers/Mohamed/Robotics%20Automation%20and%20Mechatronics%202008%20IEEE%20Conference%20on%20%20Mohamed.pdf},
	Pages = {736--742},
	Pmid = {3543926656991085048related:-MH9m4SOLjEJ},
	Rating = {0},
	Read = {Yes},
	Title = {Middleware for robotics: A survey},
	Uri = {papers://EAC8E86E-3BE2-40BF-8DAA-DFE7C5F0E440/Paper/p8374},
	Bdsk-File-1 = {YnBsaXN0MDDUAQIDBAUIJidUJHRvcFgkb2JqZWN0c1gkdmVyc2lvblkkYXJjaGl2ZXLRBgdUcm9vdIABqAkKFRYXGyIjVSRudWxs0wsMDQ4RFFpOUy5vYmplY3RzV05TLmtleXNWJGNsYXNzog8QgASABqISE4ACgAOAB1lhbGlhc0RhdGFccmVsYXRpdmVQYXRo0hgNGRpXTlMuZGF0YU8RAkYAAAAAAkYAAgAABGJvb3QAAAAAAAAAAAAAAAAAAAAAAAAAAAAAAMlmI41IKwAAACPC1B9Sb2JvdGljcyBBdXRvbWF0aW9uICMyM0MwN0QucGRmAAAAAAAAAAAAAAAAAAAAAAAAAAAAAAAAAAAAAAAAAAAAI8B9ybO2DAAAAAAAAAAAAAQAAwAACSAAAAAAAAAAAAAAAAAAAAAHTW9oYW1lZAAAEAAIAADJZoX9AAAAEQAIAADJtApsAAAAAQAUACPC1AALF5YACqLpAAqejwAAAGMAAgBIYm9vdDpVc2Vyczp0b2RkOkRvY3VtZW50czpQYXBlcnM6TW9oYW1lZDpSb2JvdGljcyBBdXRvbWF0aW9uICMyM0MwN0QucGRmAA4AlABJAFIAbwBiAG8AdABpAGMAcwAgAEEAdQB0AG8AbQBhAHQAaQBvAG4AIABhAG4AZAAgAE0AZQBjAGgAYQB0AHIAbwBuAGkAYwBzACAAMgAwADAAOAAgAEkARQBFAEUAIABDAG8AbgBmAGUAcgBlAG4AYwBlACAAbwBuACAAIABNAG8AaABhAG0AZQBkAC4AcABkAGYADwAKAAQAYgBvAG8AdAASAG1Vc2Vycy90b2RkL0RvY3VtZW50cy9QYXBlcnMvTW9oYW1lZC9Sb2JvdGljcyBBdXRvbWF0aW9uIGFuZCBNZWNoYXRyb25pY3MgMjAwOCBJRUVFIENvbmZlcmVuY2Ugb24gIE1vaGFtZWQucGRmAAATAAEvAAAVAAIAC///AACABdIcHR4fWCRjbGFzc2VzWiRjbGFzc25hbWWjHyAhXU5TTXV0YWJsZURhdGFWTlNEYXRhWE5TT2JqZWN0XxBkLi4vLi4vLi4vLi4vUGFwZXJzL01vaGFtZWQvUm9ib3RpY3MgQXV0b21hdGlvbiBhbmQgTWVjaGF0cm9uaWNzIDIwMDggSUVFRSBDb25mZXJlbmNlIG9uICBNb2hhbWVkLnBkZtIcHSQloiUhXE5TRGljdGlvbmFyeRIAAYagXxAPTlNLZXllZEFyY2hpdmVyAAgAEQAWAB8AKAAyADUAOgA8AEUASwBSAF0AZQBsAG8AcQBzAHYAeAB6AHwAhgCTAJgAoALqAuwC8QL6AwUDCQMXAx4DJwOOA5MDlgOjA6gAAAAAAAACAQAAAAAAAAAoAAAAAAAAAAAAAAAAAAADug==}}

@article{Meier:2002p8380,
	Author = {R Meier and V Cahill},
	Date-Added = {2011-03-26 17:43:09 -0600},
	Date-Modified = {2011-03-26 17:47:04 -0600},
	Journal = {Distributed Computing Systems Workshops, 2002. Proceedings. 22nd International Conference on},
	Local-Url = {file://localhost/Users/todd/Documents/Papers/Meier/Distributed%20Computing%20Systems%20Workshops%202002.%20Proceedings.%2022nd%20International%20Conference%20on%202002%20Meier.pdf},
	Pages = {639--644},
	Pmid = {11627135625052895939related:wzqRbj_iW6EJ},
	Rating = {0},
	Read = {Yes},
	Title = {Steam: Event-based middleware for wireless ad hoc networks},
	Uri = {papers://EAC8E86E-3BE2-40BF-8DAA-DFE7C5F0E440/Paper/p8380},
	Year = {2002},
	Bdsk-File-1 = {YnBsaXN0MDDUAQIDBAUIJidUJHRvcFgkb2JqZWN0c1gkdmVyc2lvblkkYXJjaGl2ZXLRBgdUcm9vdIABqAkKFRYXGyIjVSRudWxs0wsMDQ4RFFpOUy5vYmplY3RzV05TLmtleXNWJGNsYXNzog8QgASABqISE4ACgAOAB1lhbGlhc0RhdGFccmVsYXRpdmVQYXRo0hgNGRpXTlMuZGF0YU8RAqIAAAAAAqIAAgAABGJvb3QAAAAAAAAAAAAAAAAAAAAAAAAAAAAAAMlmI41IKwAAACPLox9EaXN0cmlidXRlZCBDb21wdXRpbiMyNEJDOEEucGRmAAAAAAAAAAAAAAAAAAAAAAAAAAAAAAAAAAAAAAAAAAAAJLyKybPV3QAAAAAAAAAAAAQAAwAACSAAAAAAAAAAAAAAAAAAAAAFTWVpZXIAABAACAAAyWaF/QAAABEACAAAybQqPQAAAAEAFAAjy6MACxeWAAqi6QAKno8AAABjAAIARmJvb3Q6VXNlcnM6dG9kZDpEb2N1bWVudHM6UGFwZXJzOk1laWVyOkRpc3RyaWJ1dGVkIENvbXB1dGluIzI0QkM4QS5wZGYADgDWAGoARABpAHMAdAByAGkAYgB1AHQAZQBkACAAQwBvAG0AcAB1AHQAaQBuAGcAIABTAHkAcwB0AGUAbQBzACAAVwBvAHIAawBzAGgAbwBwAHMAIAAyADAAMAAyAC4AIABQAHIAbwBjAGUAZQBkAGkAbgBnAHMALgAgADIAMgBuAGQAIABJAG4AdABlAHIAbgBhAHQAaQBvAG4AYQBsACAAQwBvAG4AZgBlAHIAZQBuAGMAZQAgAG8AbgAgADIAMAAwADIAIABNAGUAaQBlAHIALgBwAGQAZgAPAAoABABiAG8AbwB0ABIAjFVzZXJzL3RvZGQvRG9jdW1lbnRzL1BhcGVycy9NZWllci9EaXN0cmlidXRlZCBDb21wdXRpbmcgU3lzdGVtcyBXb3Jrc2hvcHMgMjAwMi4gUHJvY2VlZGluZ3MuIDIybmQgSW50ZXJuYXRpb25hbCBDb25mZXJlbmNlIG9uIDIwMDIgTWVpZXIucGRmABMAAS8AABUAAgAL//8AAIAF0hwdHh9YJGNsYXNzZXNaJGNsYXNzbmFtZaMfICFdTlNNdXRhYmxlRGF0YVZOU0RhdGFYTlNPYmplY3RfEIMuLi8uLi8uLi8uLi9QYXBlcnMvTWVpZXIvRGlzdHJpYnV0ZWQgQ29tcHV0aW5nIFN5c3RlbXMgV29ya3Nob3BzIDIwMDIuIFByb2NlZWRpbmdzLiAyMm5kIEludGVybmF0aW9uYWwgQ29uZmVyZW5jZSBvbiAyMDAyIE1laWVyLnBkZtIcHSQloiUhXE5TRGljdGlvbmFyeRIAAYagXxAPTlNLZXllZEFyY2hpdmVyAAgAEQAWAB8AKAAyADUAOgA8AEUASwBSAF0AZQBsAG8AcQBzAHYAeAB6AHwAhgCTAJgAoANGA0gDTQNWA2EDZQNzA3oDgwQJBA4EEQQeBCMAAAAAAAACAQAAAAAAAAAoAAAAAAAAAAAAAAAAAAAENQ==}}

@article{Pereira:2006p8365,
	Author = {FMQ Pereira and MTO Valente and RS Bigonha and MAS Bigonha},
	Date-Added = {2011-03-26 15:26:58 -0600},
	Date-Modified = {2011-03-26 15:28:30 -0600},
	Journal = {Software: Practice and Experience},
	Local-Url = {file://localhost/Users/todd/Documents/Papers/Pereira/Software%20Practice%20and%20Experience%202006%20Pereira.pdf},
	Number = {5},
	Pages = {495--512},
	Pmid = {15196430498282541318related:BhELKAaR5NIJ},
	Rating = {0},
	Read = {Yes},
	Title = {Arcademis: a framework for object‐oriented communication middleware development},
	Uri = {papers://EAC8E86E-3BE2-40BF-8DAA-DFE7C5F0E440/Paper/p8365},
	Volume = {36},
	Year = {2006},
	Bdsk-File-1 = {YnBsaXN0MDDUAQIDBAUIJidUJHRvcFgkb2JqZWN0c1gkdmVyc2lvblkkYXJjaGl2ZXLRBgdUcm9vdIABqAkKFRYXGyIjVSRudWxs0wsMDQ4RFFpOUy5vYmplY3RzV05TLmtleXNWJGNsYXNzog8QgASABqISE4ACgAOAB1lhbGlhc0RhdGFccmVsYXRpdmVQYXRo0hgNGRpXTlMuZGF0YU8RAf4AAAAAAf4AAgAABGJvb3QAAAAAAAAAAAAAAAAAAAAAAAAAAAAAAMlmI41IKwAAACPAnx9Tb2Z0d2FyZSBQcmFjdGljZSBhbiMyM0MwNzQucGRmAAAAAAAAAAAAAAAAAAAAAAAAAAAAAAAAAAAAAAAAAAAAI8B0ybO2DAAAAAAAAAAAAAQAAwAACSAAAAAAAAAAAAAAAAAAAAAHUGVyZWlyYQAAEAAIAADJZoX9AAAAEQAIAADJtApsAAAAAQAUACPAnwALF5YACqLpAAqejwAAAGMAAgBIYm9vdDpVc2Vyczp0b2RkOkRvY3VtZW50czpQYXBlcnM6UGVyZWlyYTpTb2Z0d2FyZSBQcmFjdGljZSBhbiMyM0MwNzQucGRmAA4AZAAxAFMAbwBmAHQAdwBhAHIAZQAgAFAAcgBhAGMAdABpAGMAZQAgAGEAbgBkACAARQB4AHAAZQByAGkAZQBuAGMAZQAgADIAMAAwADYAIABQAGUAcgBlAGkAcgBhAC4AcABkAGYADwAKAAQAYgBvAG8AdAASAFVVc2Vycy90b2RkL0RvY3VtZW50cy9QYXBlcnMvUGVyZWlyYS9Tb2Z0d2FyZSBQcmFjdGljZSBhbmQgRXhwZXJpZW5jZSAyMDA2IFBlcmVpcmEucGRmAAATAAEvAAAVAAIAC///AACABdIcHR4fWCRjbGFzc2VzWiRjbGFzc25hbWWjHyAhXU5TTXV0YWJsZURhdGFWTlNEYXRhWE5TT2JqZWN0XxBMLi4vLi4vLi4vLi4vUGFwZXJzL1BlcmVpcmEvU29mdHdhcmUgUHJhY3RpY2UgYW5kIEV4cGVyaWVuY2UgMjAwNiBQZXJlaXJhLnBkZtIcHSQloiUhXE5TRGljdGlvbmFyeRIAAYagXxAPTlNLZXllZEFyY2hpdmVyAAgAEQAWAB8AKAAyADUAOgA8AEUASwBSAF0AZQBsAG8AcQBzAHYAeAB6AHwAhgCTAJgAoAKiAqQCqQKyAr0CwQLPAtYC3wMuAzMDNgNDA0gAAAAAAAACAQAAAAAAAAAoAAAAAAAAAAAAAAAAAAADWg==}}

@article{Oracle:2002p8432,
	Author = {Oracle},
	Date-Added = {2011-03-27 22:07:19 -0600},
	Date-Modified = {2011-03-27 22:08:31 -0600},
	Keywords = {1_1, fr/jms, esd.sun.com/ESD4/JSCDL/jms/1.1, fr, spec.pdf?AuthParam=1301285105_e061b03dd05a0be8e7140ccd5280a3b1{\&}TicketId=nod0A18YRH97lOYsl06YUJedcg%3D%3D{\&}GroupName=CDS{\&}FilePath=/ESD4/JSCDL/jms/1.1, spec.pdf{\&}File=jms, spec.pdf, http://cds},
	Local-Url = {file://localhost/Users/todd/Documents/Papers/Oracle/2002%20Oracle.pdf},
	Month = {Apr},
	Pages = {1--140},
	Rating = {0},
	Read = {Yes},
	Title = {Java Message Service},
	Uri = {papers://EAC8E86E-3BE2-40BF-8DAA-DFE7C5F0E440/Paper/p8432},
	Url = {http://www.oracle.com/technetwork/java/docs-136352.html},
	Year = {2002},
	Bdsk-File-1 = {YnBsaXN0MDDUAQIDBAUIJidUJHRvcFgkb2JqZWN0c1gkdmVyc2lvblkkYXJjaGl2ZXLRBgdUcm9vdIABqAkKFRYXGyIjVSRudWxs0wsMDQ4RFFpOUy5vYmplY3RzV05TLmtleXNWJGNsYXNzog8QgASABqISE4ACgAOAB1lhbGlhc0RhdGFccmVsYXRpdmVQYXRo0hgNGRpXTlMuZGF0YU8RAYQAAAAAAYQAAgAABGJvb3QAAAAAAAAAAAAAAAAAAAAAAAAAAAAAAMlmI41IKwAAACQHIQ8yMDAyIE9yYWNsZS5wZGYAAAAAAAAAAAAAAAAAAAAAAAAAAAAAAAAAAAAAAAAAAAAAAAAAAAAAAAAAAAAAAAAAJAcQunFv7wAAAAAAAAAAAAQAAwAACSAAAAAAAAAAAAAAAAAAAAAGT3JhY2xlABAACAAAyWaF/QAAABEACAAAunHSXwAAAAEAFAAkByEACxeWAAqi6QAKno8AAABjAAIAN2Jvb3Q6VXNlcnM6dG9kZDpEb2N1bWVudHM6UGFwZXJzOk9yYWNsZToyMDAyIE9yYWNsZS5wZGYAAA4AIAAPADIAMAAwADIAIABPAHIAYQBjAGwAZQAuAHAAZABmAA8ACgAEAGIAbwBvAHQAEgAyVXNlcnMvdG9kZC9Eb2N1bWVudHMvUGFwZXJzL09yYWNsZS8yMDAyIE9yYWNsZS5wZGYAEwABLwAAFQACAAv//wAAgAXSHB0eH1gkY2xhc3Nlc1okY2xhc3NuYW1lox8gIV1OU011dGFibGVEYXRhVk5TRGF0YVhOU09iamVjdF8QKS4uLy4uLy4uLy4uL1BhcGVycy9PcmFjbGUvMjAwMiBPcmFjbGUucGRm0hwdJCWiJSFcTlNEaWN0aW9uYXJ5EgABhqBfEA9OU0tleWVkQXJjaGl2ZXIACAARABYAHwAoADIANQA6ADwARQBLAFIAXQBlAGwAbwBxAHMAdgB4AHoAfACGAJMAmACgAigCKgIvAjgCQwJHAlUCXAJlApEClgKZAqYCqwAAAAAAAAIBAAAAAAAAACgAAAAAAAAAAAAAAAAAAAK9},
	Bdsk-Url-1 = {http://www.oracle.com/technetwork/java/docs-136352.html}}

@article{Meier:2003p8382,
	Author = {R Meier and V Cahill},
	Date-Added = {2011-03-26 17:43:08 -0600},
	Date-Modified = {2011-03-26 17:43:30 -0600},
	Journal = {Distributed Applications and Interoperable Systems},
	Local-Url = {file://localhost/Users/todd/Documents/Papers/Meier/Distributed%20Applications%20and%20Interoperable%20Systems%202003%20Meier.pdf},
	Pages = {285--296},
	Pmid = {4874785768596541412related:5I9TLdS3pkMJ},
	Rating = {0},
	Title = {Exploiting proximity in event-based middleware for collaborative mobile applications},
	Uri = {papers://EAC8E86E-3BE2-40BF-8DAA-DFE7C5F0E440/Paper/p8382},
	Year = {2003},
	Bdsk-File-1 = {YnBsaXN0MDDUAQIDBAUIJidUJHRvcFgkb2JqZWN0c1gkdmVyc2lvblkkYXJjaGl2ZXLRBgdUcm9vdIABqAkKFRYXGyIjVSRudWxs0wsMDQ4RFFpOUy5vYmplY3RzV05TLmtleXNWJGNsYXNzog8QgASABqISE4ACgAOAB1lhbGlhc0RhdGFccmVsYXRpdmVQYXRo0hgNGRpXTlMuZGF0YU8RAigAAAAAAigAAgAABGJvb3QAAAAAAAAAAAAAAAAAAAAAAAAAAAAAAMlmI41IKwAAACPLox9EaXN0cmlidXRlZCBBcHBsaWNhdCMyM0NCOTcucGRmAAAAAAAAAAAAAAAAAAAAAAAAAAAAAAAAAAAAAAAAAAAAI8uXybPV3QAAAAAAAAAAAAQAAwAACSAAAAAAAAAAAAAAAAAAAAAFTWVpZXIAABAACAAAyWaF/QAAABEACAAAybQqPQAAAAEAFAAjy6MACxeWAAqi6QAKno8AAABjAAIARmJvb3Q6VXNlcnM6dG9kZDpEb2N1bWVudHM6UGFwZXJzOk1laWVyOkRpc3RyaWJ1dGVkIEFwcGxpY2F0IzIzQ0I5Ny5wZGYADgCEAEEARABpAHMAdAByAGkAYgB1AHQAZQBkACAAQQBwAHAAbABpAGMAYQB0AGkAbwBuAHMAIABhAG4AZAAgAEkAbgB0AGUAcgBvAHAAZQByAGEAYgBsAGUAIABTAHkAcwB0AGUAbQBzACAAMgAwADAAMwAgAE0AZQBpAGUAcgAuAHAAZABmAA8ACgAEAGIAbwBvAHQAEgBjVXNlcnMvdG9kZC9Eb2N1bWVudHMvUGFwZXJzL01laWVyL0Rpc3RyaWJ1dGVkIEFwcGxpY2F0aW9ucyBhbmQgSW50ZXJvcGVyYWJsZSBTeXN0ZW1zIDIwMDMgTWVpZXIucGRmAAATAAEvAAAVAAIAC///AACABdIcHR4fWCRjbGFzc2VzWiRjbGFzc25hbWWjHyAhXU5TTXV0YWJsZURhdGFWTlNEYXRhWE5TT2JqZWN0XxBaLi4vLi4vLi4vLi4vUGFwZXJzL01laWVyL0Rpc3RyaWJ1dGVkIEFwcGxpY2F0aW9ucyBhbmQgSW50ZXJvcGVyYWJsZSBTeXN0ZW1zIDIwMDMgTWVpZXIucGRm0hwdJCWiJSFcTlNEaWN0aW9uYXJ5EgABhqBfEA9OU0tleWVkQXJjaGl2ZXIACAARABYAHwAoADIANQA6ADwARQBLAFIAXQBlAGwAbwBxAHMAdgB4AHoAfACGAJMAmACgAswCzgLTAtwC5wLrAvkDAAMJA2YDawNuA3sDgAAAAAAAAAIBAAAAAAAAACgAAAAAAAAAAAAAAAAAAAOS}}

@article{Pinus:2006p8367,
	Author = {H Pinus},
	Date-Added = {2011-03-26 15:26:58 -0600},
	Date-Modified = {2011-03-26 15:51:27 -0600},
	Journal = {consultado en febrero de},
	Local-Url = {file://localhost/Users/todd/Documents/Papers/Pinus/consultado%20en%20febrero%20de%202006%20Pinus.pdf},
	Pmid = {8310438751406219669related:lWE1iQOcVHMJ},
	Rating = {0},
	Read = {Yes},
	Title = {Middleware: Past and present a comparison},
	Uri = {papers://EAC8E86E-3BE2-40BF-8DAA-DFE7C5F0E440/Paper/p8367},
	Year = {2006},
	Bdsk-File-1 = {YnBsaXN0MDDUAQIDBAUIJidUJHRvcFgkb2JqZWN0c1gkdmVyc2lvblkkYXJjaGl2ZXLRBgdUcm9vdIABqAkKFRYXGyIjVSRudWxs0wsMDQ4RFFpOUy5vYmplY3RzV05TLmtleXNWJGNsYXNzog8QgASABqISE4ACgAOAB1lhbGlhc0RhdGFccmVsYXRpdmVQYXRo0hgNGRpXTlMuZGF0YU8RAdoAAAAAAdoAAgAABGJvb3QAAAAAAAAAAAAAAAAAAAAAAAAAAAAAAMlmI41IKwAAACPC6h9jb25zdWx0YWRvIGVuIGZlYnJlciMyM0MwN0YucGRmAAAAAAAAAAAAAAAAAAAAAAAAAAAAAAAAAAAAAAAAAAAAI8B/ybO2DAAAAAAAAAAAAAQAAwAACSAAAAAAAAAAAAAAAAAAAAAFUGludXMAABAACAAAyWaF/QAAABEACAAAybQKbAAAAAEAFAAjwuoACxeWAAqi6QAKno8AAABjAAIARmJvb3Q6VXNlcnM6dG9kZDpEb2N1bWVudHM6UGFwZXJzOlBpbnVzOmNvbnN1bHRhZG8gZW4gZmVicmVyIzIzQzA3Ri5wZGYADgBQACcAYwBvAG4AcwB1AGwAdABhAGQAbwAgAGUAbgAgAGYAZQBiAHIAZQByAG8AIABkAGUAIAAyADAAMAA2ACAAUABpAG4AdQBzAC4AcABkAGYADwAKAAQAYgBvAG8AdAASAElVc2Vycy90b2RkL0RvY3VtZW50cy9QYXBlcnMvUGludXMvY29uc3VsdGFkbyBlbiBmZWJyZXJvIGRlIDIwMDYgUGludXMucGRmAAATAAEvAAAVAAIAC///AACABdIcHR4fWCRjbGFzc2VzWiRjbGFzc25hbWWjHyAhXU5TTXV0YWJsZURhdGFWTlNEYXRhWE5TT2JqZWN0XxBALi4vLi4vLi4vLi4vUGFwZXJzL1BpbnVzL2NvbnN1bHRhZG8gZW4gZmVicmVybyBkZSAyMDA2IFBpbnVzLnBkZtIcHSQloiUhXE5TRGljdGlvbmFyeRIAAYagXxAPTlNLZXllZEFyY2hpdmVyAAgAEQAWAB8AKAAyADUAOgA8AEUASwBSAF0AZQBsAG8AcQBzAHYAeAB6AHwAhgCTAJgAoAJ+AoAChQKOApkCnQKrArICuwL+AwMDBgMTAxgAAAAAAAACAQAAAAAAAAAoAAAAAAAAAAAAAAAAAAADKg==}}

@article{Emmerich:2007p8368,
	Abstract = {An increasing number of systems have a distributed software architecture. The main focus of this paper is on OMG / CORBA , a widely recognized middleware standard for heterogeneous and distributed system construction. We discuss CORBA's object model and its ...},
	Author = {W Emmerich},
	Date-Added = {2011-03-26 15:26:58 -0600},
	Date-Modified = {2011-03-26 15:48:44 -0600},
	Journal = {Citeseer},
	Local-Url = {file://localhost/Users/todd/Documents/Papers/Emmerich/Citeseer%202007%20Emmerich.pdf},
	Month = {Jan},
	Rating = {0},
	Read = {Yes},
	Title = {OMG/CORBA: An Object-Oriented Middleware},
	Uri = {papers://EAC8E86E-3BE2-40BF-8DAA-DFE7C5F0E440/Paper/p8368},
	Url = {http://citeseerx.ist.psu.edu/viewdoc/summary?doi=10.1.1.6.3635},
	Year = {2007},
	Bdsk-File-1 = {YnBsaXN0MDDUAQIDBAUIJidUJHRvcFgkb2JqZWN0c1gkdmVyc2lvblkkYXJjaGl2ZXLRBgdUcm9vdIABqAkKFRYXGyIjVSRudWxs0wsMDQ4RFFpOUy5vYmplY3RzV05TLmtleXNWJGNsYXNzog8QgASABqISE4ACgAOAB1lhbGlhc0RhdGFccmVsYXRpdmVQYXRo0hgNGRpXTlMuZGF0YU8RAbYAAAAAAbYAAgAABGJvb3QAAAAAAAAAAAAAAAAAAAAAAAAAAAAAAMlmI41IKwAAACPCihpDaXRlc2VlciAyMDA3IEVtbWVyaWNoLnBkZgAAAAAAAAAAAAAAAAAAAAAAAAAAAAAAAAAAAAAAAAAAAAAAAAAAI8B7ybO2DAAAAAAAAAAAAAQAAwAACSAAAAAAAAAAAAAAAAAAAAAIRW1tZXJpY2gAEAAIAADJZoX9AAAAEQAIAADJtApsAAAAAQAUACPCigALF5YACqLpAAqejwAAAGMAAgBEYm9vdDpVc2Vyczp0b2RkOkRvY3VtZW50czpQYXBlcnM6RW1tZXJpY2g6Q2l0ZXNlZXIgMjAwNyBFbW1lcmljaC5wZGYADgA2ABoAQwBpAHQAZQBzAGUAZQByACAAMgAwADAANwAgAEUAbQBtAGUAcgBpAGMAaAAuAHAAZABmAA8ACgAEAGIAbwBvAHQAEgA/VXNlcnMvdG9kZC9Eb2N1bWVudHMvUGFwZXJzL0VtbWVyaWNoL0NpdGVzZWVyIDIwMDcgRW1tZXJpY2gucGRmAAATAAEvAAAVAAIAC///AACABdIcHR4fWCRjbGFzc2VzWiRjbGFzc25hbWWjHyAhXU5TTXV0YWJsZURhdGFWTlNEYXRhWE5TT2JqZWN0XxA2Li4vLi4vLi4vLi4vUGFwZXJzL0VtbWVyaWNoL0NpdGVzZWVyIDIwMDcgRW1tZXJpY2gucGRm0hwdJCWiJSFcTlNEaWN0aW9uYXJ5EgABhqBfEA9OU0tleWVkQXJjaGl2ZXIACAARABYAHwAoADIANQA6ADwARQBLAFIAXQBlAGwAbwBxAHMAdgB4AHoAfACGAJMAmACgAloCXAJhAmoCdQJ5AocCjgKXAtAC1QLYAuUC6gAAAAAAAAIBAAAAAAAAACgAAAAAAAAAAAAAAAAAAAL8},
	Bdsk-Url-1 = {http://citeseerx.ist.psu.edu/viewdoc/summary?doi=10.1.1.6.3635}}

@article{Jacobsen:2010p8313,
	Author = {Hans-Arno Jacobsen and Alex Cheung and Guoli Li and Balasubramaneyam Maniymaran and Vinod Muthusamy and Reza Sherafat Kazemzadeh},
	Date-Added = {2011-03-20 19:46:46 -0600},
	Date-Modified = {2011-03-20 19:52:17 -0600},
	Doi = {DOI: 10.4018/978-1-60566-697-6.ch008},
	Journal = {Principles and Applications of Distributed Event-Based Systems},
	Local-Url = {file://localhost/Users/todd/Documents/Papers/Jacobsen/Principles%20and%20Applications%20of%20Distributed%20Event-Based%20Systems%202010%20Jacobsen.pdf},
	Month = {Jan},
	Pages = {164--205},
	Rating = {0},
	Read = {Yes},
	Title = {The PADRES Publish/Subscribe System},
	Uri = {papers://EAC8E86E-3BE2-40BF-8DAA-DFE7C5F0E440/Paper/p8313},
	Url = {http://www.msrg.utoronto.ca/publications/pdf_files/2010/PADRESBookChapte-The_PADRES_Publish-Subscribe.pdf},
	Year = {2010},
	Bdsk-File-1 = {YnBsaXN0MDDUAQIDBAUIJidUJHRvcFgkb2JqZWN0c1gkdmVyc2lvblkkYXJjaGl2ZXLRBgdUcm9vdIABqAkKFRYXGyIjVSRudWxs0wsMDQ4RFFpOUy5vYmplY3RzV05TLmtleXNWJGNsYXNzog8QgASABqISE4ACgAOAB1lhbGlhc0RhdGFccmVsYXRpdmVQYXRo0hgNGRpXTlMuZGF0YU8RAl4AAAAAAl4AAgAABGJvb3QAAAAAAAAAAAAAAAAAAAAAAAAAAAAAAMlmI41IKwAAACKCnB9QcmluY2lwbGVzIGFuZCBBcHBsaSMyMjgyOTIucGRmAAAAAAAAAAAAAAAAAAAAAAAAAAAAAAAAAAAAAAAAAAAAIoKSyVN7HQAAAAAAAAAAAAQAAwAACSAAAAAAAAAAAAAAAAAAAAAISmFjb2JzZW4AEAAIAADJZoX9AAAAEQAIAADJU92NAAAAAQAUACKCnAALF5YACqLpAAqejwAAAGMAAgBJYm9vdDpVc2Vyczp0b2RkOkRvY3VtZW50czpQYXBlcnM6SmFjb2JzZW46UHJpbmNpcGxlcyBhbmQgQXBwbGkjMjI4MjkyLnBkZgAADgCiAFAAUAByAGkAbgBjAGkAcABsAGUAcwAgAGEAbgBkACAAQQBwAHAAbABpAGMAYQB0AGkAbwBuAHMAIABvAGYAIABEAGkAcwB0AHIAaQBiAHUAdABlAGQAIABFAHYAZQBuAHQALQBCAGEAcwBlAGQAIABTAHkAcwB0AGUAbQBzACAAMgAwADEAMAAgAEoAYQBjAG8AYgBzAGUAbgAuAHAAZABmAA8ACgAEAGIAbwBvAHQAEgB1VXNlcnMvdG9kZC9Eb2N1bWVudHMvUGFwZXJzL0phY29ic2VuL1ByaW5jaXBsZXMgYW5kIEFwcGxpY2F0aW9ucyBvZiBEaXN0cmlidXRlZCBFdmVudC1CYXNlZCBTeXN0ZW1zIDIwMTAgSmFjb2JzZW4ucGRmAAATAAEvAAAVAAIAC///AACABdIcHR4fWCRjbGFzc2VzWiRjbGFzc25hbWWjHyAhXU5TTXV0YWJsZURhdGFWTlNEYXRhWE5TT2JqZWN0XxBsLi4vLi4vLi4vLi4vUGFwZXJzL0phY29ic2VuL1ByaW5jaXBsZXMgYW5kIEFwcGxpY2F0aW9ucyBvZiBEaXN0cmlidXRlZCBFdmVudC1CYXNlZCBTeXN0ZW1zIDIwMTAgSmFjb2JzZW4ucGRm0hwdJCWiJSFcTlNEaWN0aW9uYXJ5EgABhqBfEA9OU0tleWVkQXJjaGl2ZXIACAARABYAHwAoADIANQA6ADwARQBLAFIAXQBlAGwAbwBxAHMAdgB4AHoAfACGAJMAmACgAwIDBAMJAxIDHQMhAy8DNgM/A64DswO2A8MDyAAAAAAAAAIBAAAAAAAAACgAAAAAAAAAAAAAAAAAAAPa},
	Bdsk-Url-1 = {http://www.msrg.utoronto.ca/publications/pdf_files/2010/PADRESBookChapte-The_PADRES_Publish-Subscribe.pdf},
	Bdsk-Url-2 = {http://dx.doi.org/10.4018/978-1-60566-697-6.ch008}}

@article{TaoWang:2010p6820,
	Abstract = {The event-based middleware is well adapted to develop the adaptive application for the dynamic large-scale distributed computing environment and is getting more and more popular in both the academy and the industry due to its asynchronous, one-to-many and loosely-coupled push communication properties. This paper combs the concepts and architecture of event-based middleware. We briefly present five influential event-based research results, and explore the research efforts and core contents. Our research results that show the paradigm is also valuable for developing general-purpose applications are also introduced from the perspective of architecture, implementation and application.},
	Author = {Tao Wang and Wenbo Xu and Jianli He and Rong Chen and Weinan Gu;},
	Date-Added = {2011-03-01 14:04:41 -0700},
	Date-Modified = {2011-03-01 14:05:12 -0700},
	Doi = {10.1109/ICCET.2010.5486037},
	Journal = {Computer Engineering and Technology (ICCET), 2010 2nd International Conference on},
	Local-Url = {file://localhost/Users/todd/Documents/Papers/Tao%20Wang/Computer%20Engineering%20and%20Technology%20(ICCET)%202010%202nd%20International%20Conference%20on%202010%20Tao%20Wang.pdf},
	Pages = {V1-461 - V1--464},
	Pmid = {5486037},
	Rating = {0},
	Read = {Yes},
	Title = {A brief survey of event-based middleware},
	Uri = {papers://EAC8E86E-3BE2-40BF-8DAA-DFE7C5F0E440/Paper/p6820},
	Url = {http://ieeexplore.ieee.org/search/srchabstract.jsp?tp=&arnumber=5486037&queryText%253D%2528%2528A+Brief+Survey+of+Event-based+Middleware%2529%2529%2526openedRefinements%253D*%2526sortType%253Ddesc_Publication+Year%2526matchBoolean%253Dtrue%2526rowsPerPage%253D50%2526searchField%253DSearch+All},
	Volume = {1},
	Year = {2010},
	Bdsk-File-1 = {YnBsaXN0MDDUAQIDBAUIJidUJHRvcFgkb2JqZWN0c1gkdmVyc2lvblkkYXJjaGl2ZXLRBgdUcm9vdIABqAkKFRYXGyIjVSRudWxs0wsMDQ4RFFpOUy5vYmplY3RzV05TLmtleXNWJGNsYXNzog8QgASABqISE4ACgAOAB1lhbGlhc0RhdGFccmVsYXRpdmVQYXRo0hgNGRpXTlMuZGF0YU8RApQAAAAAApQAAgAABGJvb3QAAAAAAAAAAAAAAAAAAAAAAAAAAAAAAMlmI41IKwAAAB6iQB9Db21wdXRlciBFbmdpbmVlcmluZyMxRjk4QzAucGRmAAAAAAAAAAAAAAAAAAAAAAAAAAAAAAAAAAAAAAAAAAAAH5jAyZKtdwAAAAAAAAAAAAQAAwAACSAAAAAAAAAAAAAAAAAAAAAIVGFvIFdhbmcAEAAIAADJZoX9AAAAEQAIAADJkw/nAAAAAQAUAB6iQAALF5YACqLpAAqejwAAAGMAAgBJYm9vdDpVc2Vyczp0b2RkOkRvY3VtZW50czpQYXBlcnM6VGFvIFdhbmc6Q29tcHV0ZXIgRW5naW5lZXJpbmcjMUY5OEMwLnBkZgAADgDGAGIAQwBvAG0AcAB1AHQAZQByACAARQBuAGcAaQBuAGUAZQByAGkAbgBnACAAYQBuAGQAIABUAGUAYwBoAG4AbwBsAG8AZwB5ACAAKABJAEMAQwBFAFQAKQAgADIAMAAxADAAIAAyAG4AZAAgAEkAbgB0AGUAcgBuAGEAdABpAG8AbgBhAGwAIABDAG8AbgBmAGUAcgBlAG4AYwBlACAAbwBuACAAMgAwADEAMAAgAFQAYQBvACAAVwBhAG4AZwAuAHAAZABmAA8ACgAEAGIAbwBvAHQAEgCHVXNlcnMvdG9kZC9Eb2N1bWVudHMvUGFwZXJzL1RhbyBXYW5nL0NvbXB1dGVyIEVuZ2luZWVyaW5nIGFuZCBUZWNobm9sb2d5IChJQ0NFVCkgMjAxMCAybmQgSW50ZXJuYXRpb25hbCBDb25mZXJlbmNlIG9uIDIwMTAgVGFvIFdhbmcucGRmAAATAAEvAAAVAAIAC///AACABdIcHR4fWCRjbGFzc2VzWiRjbGFzc25hbWWjHyAhXU5TTXV0YWJsZURhdGFWTlNEYXRhWE5TT2JqZWN0XxB+Li4vLi4vLi4vLi4vUGFwZXJzL1RhbyBXYW5nL0NvbXB1dGVyIEVuZ2luZWVyaW5nIGFuZCBUZWNobm9sb2d5IChJQ0NFVCkgMjAxMCAybmQgSW50ZXJuYXRpb25hbCBDb25mZXJlbmNlIG9uIDIwMTAgVGFvIFdhbmcucGRm0hwdJCWiJSFcTlNEaWN0aW9uYXJ5EgABhqBfEA9OU0tleWVkQXJjaGl2ZXIACAARABYAHwAoADIANQA6ADwARQBLAFIAXQBlAGwAbwBxAHMAdgB4AHoAfACGAJMAmACgAzgDOgM/A0gDUwNXA2UDbAN1A/YD+wP+BAsEEAAAAAAAAAIBAAAAAAAAACgAAAAAAAAAAAAAAAAAAAQi},
	Bdsk-Url-1 = {http://ieeexplore.ieee.org/search/srchabstract.jsp?tp=&arnumber=5486037&queryText%253D%2528%2528A+Brief+Survey+of+Event-based+Middleware%2529%2529%2526openedRefinements%253D*%2526sortType%253Ddesc_Publication+Year%2526matchBoolean%253Dtrue%2526rowsPerPage%253D50%2526searchField%253DSearch+All},
	Bdsk-Url-2 = {http://dx.doi.org/10.1109/ICCET.2010.5486037}}

@article{Papazoglou:2007p6690,
	Abstract = {... This survey is unique in that it unifies the principles, concepts and developments in the area of application integration ... Conceptually, the ESB has evolved from the store- and-forward mechanism found in middleware products, eg, Message  Oriented  Middleware , and combines ...},
	Author = {Mike Papazoglou and Willem-Jan Heuvel},
	Date-Added = {2011-03-01 12:38:32 -0700},
	Date-Modified = {2011-03-09 18:31:33 -0700},
	Doi = {10.1007/s00778-007-0044-3},
	Journal = {The VLDB Journal --- The International Journal on Very Large Data Bases},
	Local-Url = {file://localhost/Users/todd/Documents/Papers/Papazoglou/The%20VLDB%20Journal%20%E2%80%94%20The%20International%20Journal%20on%20Very%20Large%20Data%20Bases%202007%20Papazoglou.pdf},
	Month = {Jan},
	Number = {3},
	Pages = {389--415},
	Pmid = {13316872694179416490related:qsmp1ygJz7gJ},
	Rating = {0},
	Read = {Yes},
	Title = {Service oriented architectures: approaches, technologies and research issues},
	Uri = {papers://EAC8E86E-3BE2-40BF-8DAA-DFE7C5F0E440/Paper/p6690},
	Url = {http://portal.acm.org/citation.cfm?id=1265289.1265298},
	Volume = {16},
	Year = {2007},
	Bdsk-File-1 = {YnBsaXN0MDDUAQIDBAUIJidUJHRvcFgkb2JqZWN0c1gkdmVyc2lvblkkYXJjaGl2ZXLRBgdUcm9vdIABqAkKFRYXGyIjVSRudWxs0wsMDQ4RFFpOUy5vYmplY3RzV05TLmtleXNWJGNsYXNzog8QgASABqISE4ACgAOAB1lhbGlhc0RhdGFccmVsYXRpdmVQYXRo0hgNGRpXTlMuZGF0YU8RAoAAAAAAAoAAAgAABGJvb3QAAAAAAAAAAAAAAAAAAAAAAAAAAAAAAMlmI41IKwAAAB6eQB9UaGUgVkxEQiBKb3VybmFsINEgVCMxRjk4QjAucGRmAAAAAAAAAAAAAAAAAAAAAAAAAAAAAAAAAAAAAAAAAAAAH5iwyZKZSAAAAAAAAAAAAAQAAwAACSAAAAAAAAAAAAAAAAAAAAAKUGFwYXpvZ2xvdQAQAAgAAMlmhf0AAAARAAgAAMmS+7gAAAABABQAHp5AAAsXlgAKoukACp6PAAAAYwACAEtib290OlVzZXJzOnRvZGQ6RG9jdW1lbnRzOlBhcGVyczpQYXBhem9nbG91OlRoZSBWTERCIEpvdXJuYWwg0SBUIzFGOThCMC5wZGYAAA4AtABZAFQAaABlACAAVgBMAEQAQgAgAEoAbwB1AHIAbgBhAGwAICAUACAAVABoAGUAIABJAG4AdABlAHIAbgBhAHQAaQBvAG4AYQBsACAASgBvAHUAcgBuAGEAbAAgAG8AbgAgAFYAZQByAHkAIABMAGEAcgBnAGUAIABEAGEAdABhACAAQgBhAHMAZQBzACAAMgAwADAANwAgAFAAYQBwAGEAegBvAGcAbABvAHUALgBwAGQAZgAPAAoABABiAG8AbwB0ABIAglVzZXJzL3RvZGQvRG9jdW1lbnRzL1BhcGVycy9QYXBhem9nbG91L1RoZSBWTERCIEpvdXJuYWwg4oCUIFRoZSBJbnRlcm5hdGlvbmFsIEpvdXJuYWwgb24gVmVyeSBMYXJnZSBEYXRhIEJhc2VzIDIwMDcgUGFwYXpvZ2xvdS5wZGYAEwABLwAAFQACAAv//wAAgAXSHB0eH1gkY2xhc3Nlc1okY2xhc3NuYW1lox8gIV1OU011dGFibGVEYXRhVk5TRGF0YVhOU09iamVjdG8QdwAuAC4ALwAuAC4ALwAuAC4ALwAuAC4ALwBQAGEAcABlAHIAcwAvAFAAYQBwAGEAegBvAGcAbABvAHUALwBUAGgAZQAgAFYATABEAEIAIABKAG8AdQByAG4AYQBsACAgFAAgAFQAaABlACAASQBuAHQAZQByAG4AYQB0AGkAbwBuAGEAbAAgAEoAbwB1AHIAbgBhAGwAIABvAG4AIABWAGUAcgB5ACAATABhAHIAZwBlACAARABhAHQAYQAgAEIAYQBzAGUAcwAgADIAMAAwADcAIABQAGEAcABhAHoAbwBnAGwAbwB1AC4AcABkAGbSHB0kJaIlIVxOU0RpY3Rpb25hcnkSAAGGoF8QD05TS2V5ZWRBcmNoaXZlcgAIABEAFgAfACgAMgA1ADoAPABFAEsAUgBdAGUAbABvAHEAcwB2AHgAegB8AIYAkwCYAKADJAMmAysDNAM/A0MDUQNYA2EEUgRXBFoEZwRsAAAAAAAAAgEAAAAAAAAAKAAAAAAAAAAAAAAAAAAABH4=},
	Bdsk-Url-1 = {http://portal.acm.org/citation.cfm?id=1265289.1265298},
	Bdsk-Url-2 = {http://dx.doi.org/10.1007/s00778-007-0044-3}}
